state_code,state_fips,state_name,county_fips,county_name,county_population,last_updated,date,weekday,covid,grade_total,n_grade_total,daily_distance_diff,grade_distance,n_grade_distance,daily_visitation_diff,grade_visitation,n_grade_visitation,encounters_rate,grade_encounters,n_grade_encounters
DC,11,District of Columbia,11001,District of Columbia,702455,2020-12-30 14:13:35.13358 UTC,2020-02-24,2,PRE,F,1,-0.052936511,F,1,0.009718442,F,1,240.2174071,F,1
DC,11,District of Columbia,11001,District of Columbia,702455,2020-12-30 14:13:35.13358 UTC,2020-02-25,3,PRE,F,1,0.002065058,F,1,-0.004917583,F,1,305.1504809,F,1
DC,11,District of Columbia,11001,District of Columbia,702455,2020-12-30 14:13:35.13358 UTC,2020-02-26,4,PRE,F,1,0.100930767,F,1,-0.005579776,F,1,291.8822944,F,1
DC,11,District of Columbia,11001,District of Columbia,702455,2020-12-30 14:13:35.13358 UTC,2020-02-27,5,PRE,F,1,0.071589355,F,1,0.057006181,F,1,345.636378,F,1
DC,11,District of Columbia,11001,District of Columbia,702455,2020-12-30 14:13:35.13358 UTC,2020-02-28,6,PRE,F,1,-0.023477369,F,1,0.043608237,F,1,253.5008041,F,1
DC,11,District of Columbia,11001,District of Columbia,702455,2020-12-30 14:13:35.13358 UTC,2020-02-29,7,PRE,F,1,0.009061097,F,1,-0.028173006,F,1,127.4285388,F,1
DC,11,District of Columbia,11001,District of Columbia,702455,2020-12-30 14:13:35.13358 UTC,2020-03-01,1,PRE,F,1,-0.057568436,F,1,-0.088563831,F,1,104.0100789,F,1
DC,11,District of Columbia,11001,District of Columbia,702455,2020-12-30 14:13:35.13358 UTC,2020-03-02,2,PRE,F,1,-0.032833147,F,1,-0.006320063,F,1,236.3112362,F,1
DC,11,District of Columbia,11001,District of Columbia,702455,2020-12-30 14:13:35.13358 UTC,2020-03-03,3,PRE,F,1,0.115188139,F,1,-0.006029955,F,1,254.6641778,F,1
DC,11,District of Columbia,11001,District of Columbia,702455,2020-12-30 14:13:35.13358 UTC,2020-03-04,4,PRE,F,1,0.005174297,F,1,0.00365868,F,1,296.2968961,F,1
DC,11,District of Columbia,11001,District of Columbia,702455,2020-12-30 14:13:35.13358 UTC,2020-03-05,5,PRE,F,1,0.03584924,F,1,-0.040885302,F,1,246.7500603,F,1
DC,11,District of Columbia,11001,District of Columbia,702455,2020-12-30 14:13:35.13358 UTC,2020-03-06,6,PRE,F,1,0.024056737,F,1,-0.006954409,F,1,225.6366505,F,1
DC,11,District of Columbia,11001,District of Columbia,702455,2020-12-30 14:13:35.13358 UTC,2020-03-07,7,PRE,F,1,0.020026639,F,1,0.100057583,F,1,155.1025621,F,1
DC,11,District of Columbia,11001,District of Columbia,702455,2020-12-30 14:13:35.13358 UTC,2020-03-08,1,PRE,F,1,0.008287711,F,1,0.085867421,F,1,139.5778645,F,1
DC,11,District of Columbia,11001,District of Columbia,702455,2020-12-30 14:13:35.13358 UTC,2020-03-09,2,POST,F,1,-0.09257753,F,1,0.045870431,F,1,229.3207046,F,1
DC,11,District of Columbia,11001,District of Columbia,702455,2020-12-30 14:13:35.13358 UTC,2020-03-10,3,POST,F,1,0.038840803,F,1,-0.036133091,F,1,253.369055,F,1
DC,11,District of Columbia,11001,District of Columbia,702455,2020-12-30 14:13:35.13358 UTC,2020-03-11,4,POST,F,1,0.227810374,F,1,-0.136412708,F,1,250.0715247,F,1
DC,11,District of Columbia,11001,District of Columbia,702455,2020-12-30 14:13:35.13358 UTC,2020-03-12,5,POST,F,1,0.022506208,F,1,-0.156498026,F,1,144.1324916,F,1
DC,11,District of Columbia,11001,District of Columbia,702455,2020-12-30 14:13:35.13358 UTC,2020-03-13,6,POST,F,1,-0.116732157,F,1,-0.243523903,F,1,92.74004986,F,1
DC,11,District of Columbia,11001,District of Columbia,702455,2020-12-30 14:13:35.13358 UTC,2020-03-14,7,POST,F,1,-0.13395598,F,1,-0.409883996,F,1,35.15249219,F,1
DC,11,District of Columbia,11001,District of Columbia,702455,2020-12-30 14:13:35.13358 UTC,2020-03-15,1,POST,F,1.3,-0.332007035,D,2,-0.484671406,F,1,23.48028171,F,1
DC,11,District of Columbia,11001,District of Columbia,702455,2020-12-30 14:13:35.13358 UTC,2020-03-16,2,POST,F,1.3,-0.292521693,D,2,-0.468145961,F,1,47.40404087,F,1
DC,11,District of Columbia,11001,District of Columbia,702455,2020-12-30 14:13:35.13358 UTC,2020-03-17,3,POST,D-,1.7,-0.349245286,D,2,-0.558533396,D,2,45.18376642,F,1
DC,11,District of Columbia,11001,District of Columbia,702455,2020-12-30 14:13:35.13358 UTC,2020-03-18,4,POST,D+,2.3,-0.414439275,C,3,-0.644269859,C,3,35.73317248,F,1
DC,11,District of Columbia,11001,District of Columbia,702455,2020-12-30 14:13:35.13358 UTC,2020-03-19,5,POST,C-,2.7,-0.510010323,C,3,-0.659360457,B,4,34.31591891,F,1
DC,11,District of Columbia,11001,District of Columbia,702455,2020-12-30 14:13:35.13358 UTC,2020-03-20,6,POST,C,3,-0.543382798,C,3,-0.703056164,A,5,26.39307779,F,1
DC,11,District of Columbia,11001,District of Columbia,702455,2020-12-30 14:13:35.13358 UTC,2020-03-21,7,POST,C+,3.3,-0.577157603,B,4,-0.710921385,A,5,14.88930037,F,1
DC,11,District of Columbia,11001,District of Columbia,702455,2020-12-30 14:13:35.13358 UTC,2020-03-22,1,POST,C+,3.3,-0.633992878,B,4,-0.750979103,A,5,13.21794326,F,1
DC,11,District of Columbia,11001,District of Columbia,702455,2020-12-30 14:13:35.13358 UTC,2020-03-23,2,POST,C+,3.3,-0.573125188,B,4,-0.702126678,A,5,21.89705558,F,1
DC,11,District of Columbia,11001,District of Columbia,702455,2020-12-30 14:13:35.13358 UTC,2020-03-24,3,POST,C+,3.3,-0.584400135,B,4,-0.708240708,A,5,23.92496291,F,1
DC,11,District of Columbia,11001,District of Columbia,702455,2020-12-30 14:13:35.13358 UTC,2020-03-25,4,POST,C+,3.3,-0.600093049,B,4,-0.750217818,A,5,19.70787303,F,1
DC,11,District of Columbia,11001,District of Columbia,702455,2020-12-30 14:13:35.13358 UTC,2020-03-26,5,POST,C+,3.3,-0.615275423,B,4,-0.741210286,A,5,22.48668317,F,1
DC,11,District of Columbia,11001,District of Columbia,702455,2020-12-30 14:13:35.13358 UTC,2020-03-27,6,POST,C+,3.3,-0.635815471,B,4,-0.719482416,A,5,23.40333486,F,1
DC,11,District of Columbia,11001,District of Columbia,702455,2020-12-30 14:13:35.13358 UTC,2020-03-28,7,POST,C+,3.3,-0.675887793,B,4,-0.779878665,A,5,11.84609728,F,1
DC,11,District of Columbia,11001,District of Columbia,702455,2020-12-30 14:13:35.13358 UTC,2020-03-29,1,POST,C+,3.3,-0.699518977,B,4,-0.785809109,A,5,10.73685479,F,1
DC,11,District of Columbia,11001,District of Columbia,702455,2020-12-30 14:13:35.13358 UTC,2020-03-30,2,POST,C+,3.3,-0.606420624,B,4,-0.712152666,A,5,8.035424674,F,1
DC,11,District of Columbia,11001,District of Columbia,702455,2020-12-30 14:13:35.13358 UTC,2020-03-31,3,POST,C+,3.3,-0.626514503,B,4,-0.770326267,A,5,6.453424242,F,1
DC,11,District of Columbia,11001,District of Columbia,702455,2020-12-30 14:13:35.13358 UTC,2020-04-01,4,POST,C+,3.3,-0.634463126,B,4,-0.762028757,A,5,6.524785848,F,1
DC,11,District of Columbia,11001,District of Columbia,702455,2020-12-30 14:13:35.13358 UTC,2020-04-02,5,POST,C+,3.3,-0.630879307,B,4,-0.776551361,A,5,6.833186162,F,1
DC,11,District of Columbia,11001,District of Columbia,702455,2020-12-30 14:13:35.13358 UTC,2020-04-03,6,POST,C+,3.3,-0.65158642,B,4,-0.765513682,A,5,7.562710854,F,1
DC,11,District of Columbia,11001,District of Columbia,702455,2020-12-30 14:13:35.13358 UTC,2020-04-04,7,POST,C+,3.3,-0.665698383,B,4,-0.827186069,A,5,3.920087249,F,1
DC,11,District of Columbia,11001,District of Columbia,702455,2020-12-30 14:13:35.13358 UTC,2020-04-05,1,POST,B-,3.7,-0.751972195,A,5,-0.852673457,A,5,4.036220308,F,1
DC,11,District of Columbia,11001,District of Columbia,702455,2020-12-30 14:13:35.13358 UTC,2020-04-06,2,POST,C+,3.3,-0.633761743,B,4,-0.802571081,A,5,5.87457708,F,1
DC,11,District of Columbia,11001,District of Columbia,702455,2020-12-30 14:13:35.13358 UTC,2020-04-07,3,POST,C+,3.3,-0.626423778,B,4,-0.826504509,A,5,5.203005283,F,1
DC,11,District of Columbia,11001,District of Columbia,702455,2020-12-30 14:13:35.13358 UTC,2020-04-08,4,POST,C+,3.3,-0.636205615,B,4,-0.81599139,A,5,6.932274251,F,1
DC,11,District of Columbia,11001,District of Columbia,702455,2020-12-30 14:13:35.13358 UTC,2020-04-09,5,POST,C+,3.3,-0.65299554,B,4,-0.825398863,A,5,6.366153999,F,1
DC,11,District of Columbia,11001,District of Columbia,702455,2020-12-30 14:13:35.13358 UTC,2020-04-10,6,POST,C+,3.3,-0.647956482,B,4,-0.828222944,A,5,6.448651651,F,1
DC,11,District of Columbia,11001,District of Columbia,702455,2020-12-30 14:13:35.13358 UTC,2020-04-11,7,POST,C+,3.3,-0.664592847,B,4,-0.809479665,A,5,4.346893284,F,1
DC,11,District of Columbia,11001,District of Columbia,702455,2020-12-30 14:13:35.13358 UTC,2020-04-12,1,POST,B-,3.7,-0.735935703,A,5,-0.867727034,A,5,2.79239207,F,1
DC,11,District of Columbia,11001,District of Columbia,702455,2020-12-30 14:13:35.13358 UTC,2020-04-13,2,POST,C+,3.3,-0.659034616,B,4,-0.81457305,A,5,4.98323881,F,1
DC,11,District of Columbia,11001,District of Columbia,702455,2020-12-30 14:13:35.13358 UTC,2020-04-14,3,POST,C+,3.3,-0.640150505,B,4,-0.811525487,A,5,6.434561143,F,1
DC,11,District of Columbia,11001,District of Columbia,702455,2020-12-30 14:13:35.13358 UTC,2020-04-15,4,POST,C+,3.3,-0.62644089,B,4,-0.832080984,A,5,6.790460105,F,1
DC,11,District of Columbia,11001,District of Columbia,702455,2020-12-30 14:13:35.13358 UTC,2020-04-16,5,POST,C+,3.3,-0.656753867,B,4,-0.832770037,A,5,6.340245645,F,1
DC,11,District of Columbia,11001,District of Columbia,702455,2020-12-30 14:13:35.13358 UTC,2020-04-17,6,POST,C+,3.3,-0.664174749,B,4,-0.810368049,A,5,7.305445449,F,1
DC,11,District of Columbia,11001,District of Columbia,702455,2020-12-30 14:13:35.13358 UTC,2020-04-18,7,POST,C+,3.3,-0.651216162,B,4,-0.84182612,A,5,4.048492686,F,1
DC,11,District of Columbia,11001,District of Columbia,702455,2020-12-30 14:13:35.13358 UTC,2020-04-19,1,POST,C+,3.3,-0.662773485,B,4,-0.868041339,A,5,3.510326183,F,1
DC,11,District of Columbia,11001,District of Columbia,702455,2020-12-30 14:13:35.13358 UTC,2020-04-20,2,POST,C,3,-0.547630688,C,3,-0.812374099,A,5,7.63225433,F,1
DC,11,District of Columbia,11001,District of Columbia,702455,2020-12-30 14:13:35.13358 UTC,2020-04-21,3,POST,C+,3.3,-0.574823753,B,4,-0.83109218,A,5,15.16108329,F,1
DC,11,District of Columbia,11001,District of Columbia,702455,2020-12-30 14:13:35.13358 UTC,2020-04-22,4,POST,C+,3.3,-0.570599868,B,4,-0.870112736,A,5,23.3964005,F,1
DC,11,District of Columbia,11001,District of Columbia,702455,2020-12-30 14:13:35.13358 UTC,2020-04-23,5,POST,C+,3.3,-0.606060154,B,4,-0.800331798,A,5,20.5703715,F,1
DC,11,District of Columbia,11001,District of Columbia,702455,2020-12-30 14:13:35.13358 UTC,2020-04-24,6,POST,C+,3.3,-0.637856838,B,4,-0.790952345,A,5,26.55830034,F,1
DC,11,District of Columbia,11001,District of Columbia,702455,2020-12-30 14:13:35.13358 UTC,2020-04-25,7,POST,C+,3.3,-0.624780757,B,4,-0.773047117,A,5,15.75504435,F,1
DC,11,District of Columbia,11001,District of Columbia,702455,2020-12-30 14:13:35.13358 UTC,2020-04-26,1,POST,B-,3.7,-0.732283642,A,5,-0.833351944,A,5,10.69419758,F,1
DC,11,District of Columbia,11001,District of Columbia,702455,2020-12-30 14:13:35.13358 UTC,2020-04-27,2,POST,C,3,-0.538962997,C,3,-0.789584967,A,5,14.91517084,F,1
DC,11,District of Columbia,11001,District of Columbia,702455,2020-12-30 14:13:35.13358 UTC,2020-04-28,3,POST,C,3,-0.547687634,C,3,-0.801845778,A,5,15.925926,F,1
DC,11,District of Columbia,11001,District of Columbia,702455,2020-12-30 14:13:35.13358 UTC,2020-04-29,4,POST,C,3,-0.531737944,C,3,-0.791000607,A,5,15.83793177,F,1
DC,11,District of Columbia,11001,District of Columbia,702455,2020-12-30 14:13:35.13358 UTC,2020-04-30,5,POST,C+,3.3,-0.5997294,B,4,-0.751972328,A,5,11.87347741,F,1
DC,11,District of Columbia,11001,District of Columbia,702455,2020-12-30 14:13:35.13358 UTC,2020-05-01,6,POST,C+,3.3,-0.599810066,B,4,-0.756192886,A,5,12.67406777,F,1
DC,11,District of Columbia,11001,District of Columbia,702455,2020-12-30 14:13:35.13358 UTC,2020-05-02,7,POST,C+,3.3,-0.57425063,B,4,-0.78255281,A,5,9.590341381,F,1
DC,11,District of Columbia,11001,District of Columbia,702455,2020-12-30 14:13:35.13358 UTC,2020-05-03,1,POST,C+,3.3,-0.666060927,B,4,-0.848868707,A,5,7.342560181,F,1
DC,11,District of Columbia,11001,District of Columbia,702455,2020-12-30 14:13:35.13358 UTC,2020-05-04,2,POST,C+,3.3,-0.569125173,B,4,-0.745875044,A,5,16.69548269,F,1
DC,11,District of Columbia,11001,District of Columbia,702455,2020-12-30 14:13:35.13358 UTC,2020-05-05,3,POST,C,3,-0.53933859,C,3,-0.752355586,A,5,19.05836349,F,1
DC,11,District of Columbia,11001,District of Columbia,702455,2020-12-30 14:13:35.13358 UTC,2020-05-06,4,POST,C+,3.3,-0.566547375,B,4,-0.751335426,A,5,20.25099958,F,1
DC,11,District of Columbia,11001,District of Columbia,702455,2020-12-30 14:13:35.13358 UTC,2020-05-07,5,POST,C+,3.3,-0.550787417,B,4,-0.734707427,A,5,22.39782311,F,1
DC,11,District of Columbia,11001,District of Columbia,702455,2020-12-30 14:13:35.13358 UTC,2020-05-08,6,POST,C,3,-0.525545732,C,3,-0.753178259,A,5,20.24903542,F,1
DC,11,District of Columbia,11001,District of Columbia,702455,2020-12-30 14:13:35.13358 UTC,2020-05-09,7,POST,C,3,-0.521134746,C,3,-0.774459065,A,5,15.68944151,F,1
DC,11,District of Columbia,11001,District of Columbia,702455,2020-12-30 14:13:35.13358 UTC,2020-05-10,1,POST,C,3,-0.547890341,C,3,-0.75752989,A,5,14.05683426,F,1
DC,11,District of Columbia,11001,District of Columbia,702455,2020-12-30 14:13:35.13358 UTC,2020-05-11,2,POST,C,3,-0.469633257,C,3,-0.722716858,A,5,18.4101917,F,1
DC,11,District of Columbia,11001,District of Columbia,702455,2020-12-30 14:13:35.13358 UTC,2020-05-12,3,POST,C,3,-0.542019944,C,3,-0.760909105,A,5,18.52254148,F,1
DC,11,District of Columbia,11001,District of Columbia,702455,2020-12-30 14:13:35.13358 UTC,2020-05-13,4,POST,C,3,-0.488988759,C,3,-0.741501795,A,5,18.79202381,F,1
DC,11,District of Columbia,11001,District of Columbia,702455,2020-12-30 14:13:35.13358 UTC,2020-05-14,5,POST,C,3,-0.50946157,C,3,-0.754501218,A,5,20.93216921,F,1
DC,11,District of Columbia,11001,District of Columbia,702455,2020-12-30 14:13:35.13358 UTC,2020-05-15,6,POST,C,3,-0.508595789,C,3,-0.706033029,A,5,25.4764427,F,1
DC,11,District of Columbia,11001,District of Columbia,702455,2020-12-30 14:13:35.13358 UTC,2020-05-16,7,POST,C,3,-0.45719412,C,3,-0.762714221,A,5,15.46867027,F,1
DC,11,District of Columbia,11001,District of Columbia,702455,2020-12-30 14:13:35.13358 UTC,2020-05-17,1,POST,C+,3.3,-0.575189519,B,4,-0.796263901,A,5,10.2789748,F,1
DC,11,District of Columbia,11001,District of Columbia,702455,2020-12-30 14:13:35.13358 UTC,2020-05-18,2,POST,C,3,-0.485992265,C,3,-0.738171026,A,5,18.2149545,F,1
DC,11,District of Columbia,11001,District of Columbia,702455,2020-12-30 14:13:35.13358 UTC,2020-05-19,3,POST,C,3,-0.546010615,C,3,-0.722646271,A,5,21.93978172,F,1
DC,11,District of Columbia,11001,District of Columbia,702455,2020-12-30 14:13:35.13358 UTC,2020-05-20,4,POST,C,3,-0.486256747,C,3,-0.739279804,A,5,20.45487907,F,1
DC,11,District of Columbia,11001,District of Columbia,702455,2020-12-30 14:13:35.13358 UTC,2020-05-21,5,POST,C,3,-0.409384411,C,3,-0.763235077,A,5,18.14660184,F,1
DC,11,District of Columbia,11001,District of Columbia,702455,2020-12-30 14:13:35.13358 UTC,2020-05-22,6,POST,C,3,-0.468609581,C,3,-0.714925862,A,5,20.96006024,F,1
DC,11,District of Columbia,11001,District of Columbia,702455,2020-12-30 14:13:35.13358 UTC,2020-05-23,7,POST,C-,2.7,-0.394949632,D,2,-0.742725881,A,5,16.56624116,F,1
DC,11,District of Columbia,11001,District of Columbia,702455,2020-12-30 14:13:35.13358 UTC,2020-05-24,1,POST,C,3,-0.548831553,C,3,-0.754105615,A,5,13.38980656,F,1
DC,11,District of Columbia,11001,District of Columbia,702455,2020-12-30 14:13:35.13358 UTC,2020-05-25,2,POST,C,3,-0.462149972,C,3,-0.762705479,A,5,15.54802221,F,1
DC,11,District of Columbia,11001,District of Columbia,702455,2020-12-30 14:13:35.13358 UTC,2020-05-26,3,POST,C,3,-0.451270812,C,3,-0.734377996,A,5,19.80592162,F,1
DC,11,District of Columbia,11001,District of Columbia,702455,2020-12-30 14:13:35.13358 UTC,2020-05-27,4,POST,C,3,-0.400905329,C,3,-0.732871741,A,5,19.98191008,F,1
DC,11,District of Columbia,11001,District of Columbia,702455,2020-12-30 14:13:35.13358 UTC,2020-05-28,5,POST,C,3,-0.45459398,C,3,-0.736342649,A,5,19.53565362,F,1
DC,11,District of Columbia,11001,District of Columbia,702455,2020-12-30 14:13:35.13358 UTC,2020-05-29,6,POST,F,1.3,-0.373469201,D,2,-0.097909272,F,1,31.87763016,F,1
DC,11,District of Columbia,11001,District of Columbia,702455,2020-12-30 14:13:35.13358 UTC,2020-05-30,7,POST,D+,2.3,-0.438033888,C,3,-0.644759479,C,3,17.56991381,F,1
DC,11,District of Columbia,11001,District of Columbia,702455,2020-12-30 14:13:35.13358 UTC,2020-05-31,1,POST,C,3,-0.553241839,B,4,-0.671641791,B,4,15.58584829,F,1
DC,11,District of Columbia,11001,District of Columbia,702455,2020-12-30 14:13:35.13358 UTC,2020-06-01,2,POST,D,2,-0.472052925,C,3,-0.593701465,D,2,26.59483958,F,1
DC,11,District of Columbia,11001,District of Columbia,702455,2020-12-30 14:13:35.13358 UTC,2020-06-02,3,POST,C-,2.7,-0.463267683,C,3,-0.682891062,B,4,21.76933276,F,1
DC,11,District of Columbia,11001,District of Columbia,702455,2020-12-30 14:13:35.13358 UTC,2020-06-03,4,POST,D+,2.3,-0.44519413,C,3,-0.641723828,C,3,30.39587965,F,1
DC,11,District of Columbia,11001,District of Columbia,702455,2020-12-30 14:13:35.13358 UTC,2020-06-04,5,POST,C-,2.7,-0.452298377,C,3,-0.671459832,B,4,25.92714673,F,1
DC,11,District of Columbia,11001,District of Columbia,702455,2020-12-30 14:13:35.13358 UTC,2020-06-05,6,POST,D+,2.3,-0.491828417,C,3,-0.617910279,C,3,28.03222459,F,1
DC,11,District of Columbia,11001,District of Columbia,702455,2020-12-30 14:13:35.13358 UTC,2020-06-06,7,POST,D+,2.3,-0.441109195,C,3,-0.617939589,C,3,32.96733593,F,1
DC,11,District of Columbia,11001,District of Columbia,702455,2020-12-30 14:13:35.13358 UTC,2020-06-07,1,POST,C-,2.7,-0.526214891,C,3,-0.67329603,B,4,16.07079237,F,1
DC,11,District of Columbia,11001,District of Columbia,702455,2020-12-30 14:13:35.13358 UTC,2020-06-08,2,POST,D,2,-0.436031884,C,3,-0.588742292,D,2,24.50005112,F,1
DC,11,District of Columbia,11001,District of Columbia,702455,2020-12-30 14:13:35.13358 UTC,2020-06-09,3,POST,D,2,-0.385330466,D,2,-0.617710206,C,3,24.3788151,F,1
DC,11,District of Columbia,11001,District of Columbia,702455,2020-12-30 14:13:35.13358 UTC,2020-06-10,4,POST,D+,2.3,-0.435942969,C,3,-0.647596233,C,3,21.70513583,F,1
DC,11,District of Columbia,11001,District of Columbia,702455,2020-12-30 14:13:35.13358 UTC,2020-06-11,5,POST,C-,2.7,-0.482009435,C,3,-0.655690715,B,4,23.2243887,F,1
DC,11,District of Columbia,11001,District of Columbia,702455,2020-12-30 14:13:35.13358 UTC,2020-06-12,6,POST,D+,2.3,-0.444605261,C,3,-0.614744606,C,3,27.78751572,F,1
DC,11,District of Columbia,11001,District of Columbia,702455,2020-12-30 14:13:35.13358 UTC,2020-06-13,7,POST,D,2,-0.350574101,D,2,-0.603142655,C,3,21.43940078,F,1
DC,11,District of Columbia,11001,District of Columbia,702455,2020-12-30 14:13:35.13358 UTC,2020-06-14,1,POST,C-,2.7,-0.467467882,C,3,-0.666778328,B,4,15.15794329,F,1
DC,11,District of Columbia,11001,District of Columbia,702455,2020-12-30 14:13:35.13358 UTC,2020-06-15,2,POST,D+,2.3,-0.45087262,C,3,-0.611093171,C,3,23.26442791,F,1
DC,11,District of Columbia,11001,District of Columbia,702455,2020-12-30 14:13:35.13358 UTC,2020-06-16,3,POST,D+,2.3,-0.447147586,C,3,-0.635100519,C,3,24.43227527,F,1
DC,11,District of Columbia,11001,District of Columbia,702455,2020-12-30 14:13:35.13358 UTC,2020-06-17,4,POST,D+,2.3,-0.461020759,C,3,-0.647450745,C,3,23.7466878,F,1
DC,11,District of Columbia,11001,District of Columbia,702455,2020-12-30 14:13:35.13358 UTC,2020-06-18,5,POST,C-,2.7,-0.443963777,C,3,-0.66348654,B,4,23.45612398,F,1
DC,11,District of Columbia,11001,District of Columbia,702455,2020-12-30 14:13:35.13358 UTC,2020-06-19,6,POST,D+,2.3,-0.405877034,C,3,-0.62676535,C,3,33.3827147,F,1
DC,11,District of Columbia,11001,District of Columbia,702455,2020-12-30 14:13:35.13358 UTC,2020-06-20,7,POST,D+,2.3,-0.418220858,C,3,-0.643390316,C,3,17.35830998,F,1
DC,11,District of Columbia,11001,District of Columbia,702455,2020-12-30 14:13:35.13358 UTC,2020-06-21,1,POST,C-,2.7,-0.420015665,C,3,-0.66070727,B,4,13.5069413,F,1
DC,11,District of Columbia,11001,District of Columbia,702455,2020-12-30 14:13:35.13358 UTC,2020-06-22,2,POST,D+,2.3,-0.440343439,C,3,-0.62653965,C,3,20.77797105,F,1
DC,11,District of Columbia,11001,District of Columbia,702455,2020-12-30 14:13:35.13358 UTC,2020-06-23,3,POST,D+,2.3,-0.425505906,C,3,-0.6132469,C,3,23.79813482,F,1
DC,11,District of Columbia,11001,District of Columbia,702455,2020-12-30 14:13:35.13358 UTC,2020-06-24,4,POST,D,2,-0.370479065,D,2,-0.601569281,C,3,26.08976405,F,1
DC,11,District of Columbia,11001,District of Columbia,702455,2020-12-30 14:13:35.13358 UTC,2020-06-25,5,POST,C-,2.7,-0.418596814,C,3,-0.652844922,B,4,24.16788232,F,1
DC,11,District of Columbia,11001,District of Columbia,702455,2020-12-30 14:13:35.13358 UTC,2020-06-26,6,POST,D-,1.7,-0.378844997,D,2,-0.587405282,D,2,28.38989322,F,1
DC,11,District of Columbia,11001,District of Columbia,702455,2020-12-30 14:13:35.13358 UTC,2020-06-27,7,POST,D,2,-0.28914663,D,2,-0.614595126,C,3,16.38730339,F,1
DC,11,District of Columbia,11001,District of Columbia,702455,2020-12-30 14:13:35.13358 UTC,2020-06-28,1,POST,D,2,-0.384495311,D,2,-0.607788158,C,3,14.39138269,F,1
DC,11,District of Columbia,11001,District of Columbia,702455,2020-12-30 14:13:35.13358 UTC,2020-06-29,2,POST,D-,1.7,-0.377232115,D,2,-0.595700512,D,2,19.97495017,F,1
DC,11,District of Columbia,11001,District of Columbia,702455,2020-12-30 14:13:35.13358 UTC,2020-06-30,3,POST,D-,1.7,-0.365000077,D,2,-0.596305681,D,2,24.50966948,F,1
DC,11,District of Columbia,11001,District of Columbia,702455,2020-12-30 14:13:35.13358 UTC,2020-07-01,4,POST,D-,1.7,-0.321264194,D,2,-0.599181964,D,2,25.83208158,F,1
DC,11,District of Columbia,11001,District of Columbia,702455,2020-12-30 14:13:35.13358 UTC,2020-07-02,5,POST,D,2,-0.330139992,D,2,-0.62970463,C,3,25.22701989,F,1
DC,11,District of Columbia,11001,District of Columbia,702455,2020-12-30 14:13:35.13358 UTC,2020-07-03,6,POST,D+,2.3,-0.39388406,D,2,-0.651511719,B,4,20.32635568,F,1
DC,11,District of Columbia,11001,District of Columbia,702455,2020-12-30 14:13:35.13358 UTC,2020-07-04,7,POST,D+,2.3,-0.37374889,D,2,-0.664933227,B,4,21.53043964,F,1
DC,11,District of Columbia,11001,District of Columbia,702455,2020-12-30 14:13:35.13358 UTC,2020-07-05,1,POST,D,2,-0.369659404,D,2,-0.637018565,C,3,13.79325516,F,1
DC,11,District of Columbia,11001,District of Columbia,702455,2020-12-30 14:13:35.13358 UTC,2020-07-06,2,POST,D-,1.7,-0.331137013,D,2,-0.59344774,D,2,22.45402549,F,1
DC,11,District of Columbia,11001,District of Columbia,702455,2020-12-30 14:13:35.13358 UTC,2020-07-07,3,POST,D,2,-0.3655941,D,2,-0.626422636,C,3,24.03859372,F,1
DC,11,District of Columbia,11001,District of Columbia,702455,2020-12-30 14:13:35.13358 UTC,2020-07-08,4,POST,D,2,-0.348045006,D,2,-0.623901611,C,3,25.14761253,F,1
DC,11,District of Columbia,11001,District of Columbia,702455,2020-12-30 14:13:35.13358 UTC,2020-07-09,5,POST,D,2,-0.386829539,D,2,-0.622650359,C,3,24.20657942,F,1
DC,11,District of Columbia,11001,District of Columbia,702455,2020-12-30 14:13:35.13358 UTC,2020-07-10,6,POST,D+,2.3,-0.433266733,C,3,-0.615462075,C,3,25.14917831,F,1
DC,11,District of Columbia,11001,District of Columbia,702455,2020-12-30 14:13:35.13358 UTC,2020-07-11,7,POST,D,2,-0.314941267,D,2,-0.612491465,C,3,17.39946759,F,1
DC,11,District of Columbia,11001,District of Columbia,702455,2020-12-30 14:13:35.13358 UTC,2020-07-12,1,POST,D+,2.3,-0.347230043,D,2,-0.669664975,B,4,12.06553001,F,1
DC,11,District of Columbia,11001,District of Columbia,702455,2020-12-30 14:13:35.13358 UTC,2020-07-13,2,POST,D-,1.7,-0.381405098,D,2,-0.569566822,D,2,24.20389523,F,1
DC,11,District of Columbia,11001,District of Columbia,702455,2020-12-30 14:13:35.13358 UTC,2020-07-14,3,POST,D,2,-0.426996752,C,3,-0.598765336,D,2,24.91229833,F,1
DC,11,District of Columbia,11001,District of Columbia,702455,2020-12-30 14:13:35.13358 UTC,2020-07-15,4,POST,D+,2.3,-0.437244838,C,3,-0.62691717,C,3,29.01016534,F,1
DC,11,District of Columbia,11001,District of Columbia,702455,2020-12-30 14:13:35.13358 UTC,2020-07-16,5,POST,D+,2.3,-0.444127376,C,3,-0.602900934,C,3,27.57792503,F,1
DC,11,District of Columbia,11001,District of Columbia,702455,2020-12-30 14:13:35.13358 UTC,2020-07-17,6,POST,D-,1.7,-0.4744893,C,3,-0.548913728,F,1,33.30688626,F,1
DC,11,District of Columbia,11001,District of Columbia,702455,2020-12-30 14:13:35.13358 UTC,2020-07-18,7,POST,D-,1.7,-0.266184066,D,2,-0.576180145,D,2,23.2619674,F,1
DC,11,District of Columbia,11001,District of Columbia,702455,2020-12-30 14:13:35.13358 UTC,2020-07-19,1,POST,D+,2.3,-0.413527967,C,3,-0.639450296,C,3,15.38677069,F,1
DC,11,District of Columbia,11001,District of Columbia,702455,2020-12-30 14:13:35.13358 UTC,2020-07-20,2,POST,D,2,-0.426541436,C,3,-0.553382233,D,2,24.03277797,F,1
DC,11,District of Columbia,11001,District of Columbia,702455,2020-12-30 14:13:35.13358 UTC,2020-07-21,3,POST,D,2,-0.412692008,C,3,-0.584960868,D,2,25.73455593,F,1
DC,11,District of Columbia,11001,District of Columbia,702455,2020-12-30 14:13:35.13358 UTC,2020-07-22,4,POST,D+,2.3,-0.44888567,C,3,-0.615046713,C,3,27.21309855,F,1
DC,11,District of Columbia,11001,District of Columbia,702455,2020-12-30 14:13:35.13358 UTC,2020-07-23,5,POST,D,2,-0.449296752,C,3,-0.5972347,D,2,28.6319179,F,1
DC,11,District of Columbia,11001,District of Columbia,702455,2020-12-30 14:13:35.13358 UTC,2020-07-24,6,POST,D,2,-0.428091747,C,3,-0.568083982,D,2,29.50293832,F,1
DC,11,District of Columbia,11001,District of Columbia,702455,2020-12-30 14:13:35.13358 UTC,2020-07-25,7,POST,D-,1.7,-0.340051337,D,2,-0.562388689,D,2,23.95627849,F,1
DC,11,District of Columbia,11001,District of Columbia,702455,2020-12-30 14:13:35.13358 UTC,2020-07-26,1,POST,D,2,-0.424539512,C,3,-0.569682758,D,2,16.55663119,F,1
DC,11,District of Columbia,11001,District of Columbia,702455,2020-12-30 14:13:35.13358 UTC,2020-07-27,2,POST,D,2,-0.413356579,C,3,-0.565660992,D,2,23.67488565,F,1
DC,11,District of Columbia,11001,District of Columbia,702455,2020-12-30 14:13:35.13358 UTC,2020-07-28,3,POST,D,2,-0.513460598,C,3,-0.580545926,D,2,28.89317929,F,1
DC,11,District of Columbia,11001,District of Columbia,702455,2020-12-30 14:13:35.13358 UTC,2020-07-29,4,POST,D,2,-0.486851121,C,3,-0.578569031,D,2,48.18402243,F,1
DC,11,District of Columbia,11001,District of Columbia,702455,2020-12-30 14:13:35.13358 UTC,2020-07-29,4,POST,D,2,-0.486851121,C,3,-0.578569031,D,2,48.18402243,F,1
DC,11,District of Columbia,11001,District of Columbia,702455,2020-12-30 14:13:35.13358 UTC,2020-07-30,5,POST,D+,2.3,-0.453765831,C,3,-0.609752387,C,3,49.06533226,F,1
DC,11,District of Columbia,11001,District of Columbia,702455,2020-12-30 14:13:35.13358 UTC,2020-07-30,5,POST,D+,2.3,-0.453765831,C,3,-0.609752387,C,3,49.06533226,F,1
DC,11,District of Columbia,11001,District of Columbia,702455,2020-12-30 14:13:35.13358 UTC,2020-07-31,6,POST,D,2,-0.401586354,C,3,-0.572590187,D,2,31.02017805,F,1
DC,11,District of Columbia,11001,District of Columbia,702455,2020-12-30 14:13:35.13358 UTC,2020-08-01,7,POST,D,2,-0.423814158,C,3,-0.569077616,D,2,47.02825394,F,1
DC,11,District of Columbia,11001,District of Columbia,702455,2020-12-30 14:13:35.13358 UTC,2020-08-02,1,POST,D+,2.3,-0.526350459,C,3,-0.607788158,C,3,50.21215344,F,1
DC,11,District of Columbia,11001,District of Columbia,702455,2020-12-30 14:13:35.13358 UTC,2020-08-03,2,POST,D,2,-0.488230833,C,3,-0.552805585,D,2,46.76050575,F,1
DC,11,District of Columbia,11001,District of Columbia,702455,2020-12-30 14:13:35.13358 UTC,2020-08-04,3,POST,D+,2.3,-0.504622073,C,3,-0.615927647,C,3,45.81410426,F,1
DC,11,District of Columbia,11001,District of Columbia,702455,2020-12-30 14:13:35.13358 UTC,2020-08-05,4,POST,D+,2.3,-0.510847488,C,3,-0.616263518,C,3,46.87771548,F,1
DC,11,District of Columbia,11001,District of Columbia,702455,2020-12-30 14:13:35.13358 UTC,2020-08-06,5,POST,C-,2.7,-0.55725593,B,4,-0.635465935,C,3,42.16494474,F,1
DC,11,District of Columbia,11001,District of Columbia,702455,2020-12-30 14:13:35.13358 UTC,2020-08-07,6,POST,D+,2.3,-0.545516627,C,3,-0.613341137,C,3,43.97744563,F,1
DC,11,District of Columbia,11001,District of Columbia,702455,2020-12-30 14:13:35.13358 UTC,2020-08-08,7,POST,D,2,-0.445594127,C,3,-0.586798282,D,2,32.47657609,F,1
DC,11,District of Columbia,11001,District of Columbia,702455,2020-12-30 14:13:35.13358 UTC,2020-08-09,1,POST,D+,2.3,-0.488546611,C,3,-0.645058167,C,3,21.46445324,F,1
DC,11,District of Columbia,11001,District of Columbia,702455,2020-12-30 14:13:35.13358 UTC,2020-08-10,2,POST,D+,2.3,-0.527732858,C,3,-0.601905245,C,3,43.15474067,F,1
DC,11,District of Columbia,11001,District of Columbia,702455,2020-12-30 14:13:35.13358 UTC,2020-08-11,3,POST,C-,2.7,-0.477147774,C,3,-0.650500999,B,4,33.52609531,F,1
DC,11,District of Columbia,11001,District of Columbia,702455,2020-12-30 14:13:35.13358 UTC,2020-08-12,4,POST,C-,2.7,-0.451762345,C,3,-0.652886687,B,4,21.00008797,F,1
DC,11,District of Columbia,11001,District of Columbia,702455,2020-12-30 14:13:35.13358 UTC,2020-08-13,5,POST,C-,2.7,-0.432662939,C,3,-0.661895685,B,4,36.45186498,F,1
DC,11,District of Columbia,11001,District of Columbia,702455,2020-12-30 14:13:35.13358 UTC,2020-08-14,6,POST,D,2,-0.400405654,C,3,-0.560884123,D,2,32.70965346,F,1
DC,11,District of Columbia,11001,District of Columbia,702455,2020-12-30 14:13:35.13358 UTC,2020-08-15,7,POST,D+,2.3,-0.418694254,C,3,-0.607485466,C,3,32.56716758,F,1
DC,11,District of Columbia,11001,District of Columbia,702455,2020-12-30 14:13:35.13358 UTC,2020-08-16,1,POST,D+,2.3,-0.477333165,C,3,-0.64521532,C,3,28.12617132,F,1
DC,11,District of Columbia,11001,District of Columbia,702455,2020-12-30 14:13:35.13358 UTC,2020-08-17,2,POST,D+,2.3,-0.459809233,C,3,-0.601705341,C,3,29.78880481,F,1
DC,11,District of Columbia,11001,District of Columbia,702455,2020-12-30 14:13:35.13358 UTC,2020-08-18,3,POST,D,2,-0.391945966,D,2,-0.640620925,C,3,32.68504837,F,1
DC,11,District of Columbia,11001,District of Columbia,702455,2020-12-30 14:13:35.13358 UTC,2020-08-19,4,POST,D+,2.3,-0.349015307,D,2,-0.661496901,B,4,20.48159147,F,1
DC,11,District of Columbia,11001,District of Columbia,702455,2020-12-30 14:13:35.13358 UTC,2020-08-20,5,POST,D,2,-0.377907694,D,2,-0.626922218,C,3,15.15235122,F,1
DC,11,District of Columbia,11001,District of Columbia,702455,2020-12-30 14:13:35.13358 UTC,2020-08-21,6,POST,D-,1.7,-0.373605971,D,2,-0.563961685,D,2,16.13722614,F,1
DC,11,District of Columbia,11001,District of Columbia,702455,2020-12-30 14:13:35.13358 UTC,2020-08-22,7,POST,D-,1.7,-0.259524013,D,2,-0.58217736,D,2,10.97418213,F,1
DC,11,District of Columbia,11001,District of Columbia,702455,2020-12-30 14:13:35.13358 UTC,2020-08-23,1,POST,D,2,-0.28762164,D,2,-0.605083477,C,3,9.838545076,F,1
DC,11,District of Columbia,11001,District of Columbia,702455,2020-12-30 14:13:35.13358 UTC,2020-08-24,2,POST,D-,1.7,-0.289731764,D,2,-0.562908459,D,2,14.54706584,F,1
DC,11,District of Columbia,11001,District of Columbia,702455,2020-12-30 14:13:35.13358 UTC,2020-08-25,3,POST,D,2,-0.347987497,D,2,-0.61098761,C,3,13.76842638,F,1
DC,11,District of Columbia,11001,District of Columbia,702455,2020-12-30 14:13:35.13358 UTC,2020-08-26,4,POST,D-,1.7,-0.350315769,D,2,-0.584798541,D,2,14.81861664,F,1
DC,11,District of Columbia,11001,District of Columbia,702455,2020-12-30 14:13:35.13358 UTC,2020-08-27,5,POST,F,1.3,-0.23216165,F,1,-0.584241658,D,2,17.66028162,F,1
DC,11,District of Columbia,11001,District of Columbia,702455,2020-12-30 14:13:35.13358 UTC,2020-08-28,6,POST,D-,1.7,-0.363416296,D,2,-0.577134154,D,2,27.71079255,F,1
DC,11,District of Columbia,11001,District of Columbia,702455,2020-12-30 14:13:35.13358 UTC,2020-08-29,7,POST,D-,1.7,-0.304772951,D,2,-0.560826988,D,2,13.41545508,F,1
DC,11,District of Columbia,11001,District of Columbia,702455,2020-12-30 14:13:35.13358 UTC,2020-08-30,1,POST,F,1.3,-0.355888567,D,2,-0.534224141,F,1,10.01547809,F,1
DC,11,District of Columbia,11001,District of Columbia,702455,2020-12-30 14:13:35.13358 UTC,2020-08-31,2,POST,D+,2.3,-0.511736285,C,3,-0.604826929,C,3,10.5402377,F,1
DC,11,District of Columbia,11001,District of Columbia,702455,2020-12-30 14:13:35.13358 UTC,2020-09-01,3,POST,D+,2.3,-0.526721239,C,3,-0.645823509,C,3,12.20980534,F,1
DC,11,District of Columbia,11001,District of Columbia,702455,2020-12-30 14:13:35.13358 UTC,2020-09-02,4,POST,D+,2.3,-0.432219687,C,3,-0.614147336,C,3,13.31412682,F,1
DC,11,District of Columbia,11001,District of Columbia,702455,2020-12-30 14:13:35.13358 UTC,2020-09-03,5,POST,D+,2.3,-0.48809264,C,3,-0.619494,C,3,13.51946753,F,1
DC,11,District of Columbia,11001,District of Columbia,702455,2020-12-30 14:13:35.13358 UTC,2020-09-04,6,POST,D-,1.7,-0.439674445,C,3,-0.549240994,F,1,15.23735065,F,1
DC,11,District of Columbia,11001,District of Columbia,702455,2020-12-30 14:13:35.13358 UTC,2020-09-05,7,POST,F,1.3,-0.395698891,D,2,-0.542899522,F,1,15.78157065,F,1
DC,11,District of Columbia,11001,District of Columbia,702455,2020-12-30 14:13:35.13358 UTC,2020-09-06,1,POST,D-,1.7,-0.442453536,C,3,-0.523595654,F,1,12.88532709,F,1
DC,11,District of Columbia,11001,District of Columbia,702455,2020-12-30 14:13:35.13358 UTC,2020-09-07,2,POST,D,2,-0.384034998,D,2,-0.628892374,C,3,8.778736458,F,1
DC,11,District of Columbia,11001,District of Columbia,702455,2020-12-30 14:13:35.13358 UTC,2020-09-08,3,POST,D+,2.3,-0.509430671,C,3,-0.642140936,C,3,10.87911698,F,1
DC,11,District of Columbia,11001,District of Columbia,702455,2020-12-30 14:13:35.13358 UTC,2020-09-09,4,POST,C-,2.7,-0.498063535,C,3,-0.655981602,B,4,11.85593932,F,1
DC,11,District of Columbia,11001,District of Columbia,702455,2020-12-30 14:13:35.13358 UTC,2020-09-10,5,POST,C-,2.7,-0.542053046,C,3,-0.687165568,B,4,11.55396768,F,1
DC,11,District of Columbia,11001,District of Columbia,702455,2020-12-30 14:13:35.13358 UTC,2020-09-11,6,POST,D,2,-0.506338324,C,3,-0.557945019,D,2,13.50649394,F,1
DC,11,District of Columbia,11001,District of Columbia,702455,2020-12-30 14:13:35.13358 UTC,2020-09-12,7,POST,D,2,-0.46747903,C,3,-0.583375377,D,2,11.04240535,F,1
DC,11,District of Columbia,11001,District of Columbia,702455,2020-12-30 14:13:35.13358 UTC,2020-09-13,1,POST,D,2,-0.515694392,C,3,-0.586092811,D,2,6.160977857,F,1
DC,11,District of Columbia,11001,District of Columbia,702455,2020-12-30 14:13:35.13358 UTC,2020-09-14,2,POST,D+,2.3,-0.504448731,C,3,-0.600613554,C,3,10.50422478,F,1
DC,11,District of Columbia,11001,District of Columbia,702455,2020-12-30 14:13:35.13358 UTC,2020-09-15,3,POST,D+,2.3,-0.475832118,C,3,-0.63283432,C,3,11.58505957,F,1
DC,11,District of Columbia,11001,District of Columbia,702455,2020-12-30 14:13:35.13358 UTC,2020-09-16,4,POST,D+,2.3,-0.460252303,C,3,-0.644302925,C,3,12.30352839,F,1
DC,11,District of Columbia,11001,District of Columbia,702455,2020-12-30 14:13:35.13358 UTC,2020-09-17,5,POST,D+,2.3,-0.47218896,C,3,-0.647501929,C,3,10.78986759,F,1
DC,11,District of Columbia,11001,District of Columbia,702455,2020-12-30 14:13:35.13358 UTC,2020-09-18,6,POST,D,2,-0.484919675,C,3,-0.593063213,D,2,13.64159829,F,1
DC,11,District of Columbia,11001,District of Columbia,702455,2020-12-30 14:13:35.13358 UTC,2020-09-19,7,POST,F,1.3,-0.378407333,D,2,-0.546935698,F,1,13.64607194,F,1
DC,11,District of Columbia,11001,District of Columbia,702455,2020-12-30 14:13:35.13358 UTC,2020-09-20,1,POST,D+,2.3,-0.493121764,C,3,-0.601741914,C,3,7.435969229,F,1
DC,11,District of Columbia,11001,District of Columbia,702455,2020-12-30 14:13:35.13358 UTC,2020-09-21,2,POST,D+,2.3,-0.479781411,C,3,-0.636012056,C,3,6.99151171,F,1
DC,11,District of Columbia,11001,District of Columbia,702455,2020-12-30 14:13:35.13358 UTC,2020-09-22,3,POST,C-,2.7,-0.519247369,C,3,-0.656104314,B,4,9.548875983,F,1
DC,11,District of Columbia,11001,District of Columbia,702455,2020-12-30 14:13:35.13358 UTC,2020-09-23,4,POST,D+,2.3,-0.457505492,C,3,-0.627022979,C,3,11.72351916,F,1
DC,11,District of Columbia,11001,District of Columbia,702455,2020-12-30 14:13:35.13358 UTC,2020-09-24,5,POST,D,2,-0.390871494,D,2,-0.609200975,C,3,12.26639707,F,1
DC,11,District of Columbia,11001,District of Columbia,702455,2020-12-30 14:13:35.13358 UTC,2020-09-25,6,POST,F,1.3,-0.327249225,D,2,-0.527112756,F,1,17.86159605,F,1
DC,11,District of Columbia,11001,District of Columbia,702455,2020-12-30 14:13:35.13358 UTC,2020-09-26,7,POST,F,1,-0.142636906,F,1,-0.465513338,F,1,46.26057492,F,1
DC,11,District of Columbia,11001,District of Columbia,702455,2020-12-30 14:13:35.13358 UTC,2020-09-27,1,POST,D,2,-0.410336427,C,3,-0.55351257,D,2,8.609408656,F,1
DC,11,District of Columbia,11001,District of Columbia,702455,2020-12-30 14:13:35.13358 UTC,2020-09-28,2,POST,D,2,-0.489770429,C,3,-0.598276207,D,2,9.622914956,F,1
DC,11,District of Columbia,11001,District of Columbia,702455,2020-12-30 14:13:35.13358 UTC,2020-09-29,3,POST,C-,2.7,-0.440120626,C,3,-0.667179671,B,4,9.456718712,F,1
DC,11,District of Columbia,11001,District of Columbia,702455,2020-12-30 14:13:35.13358 UTC,2020-09-30,4,POST,D,2,-0.386637193,D,2,-0.617414191,C,3,13.0157341,F,1
DC,11,District of Columbia,11001,District of Columbia,702455,2020-12-30 14:13:35.13358 UTC,2020-10-01,5,POST,D+,2.3,-0.314891565,D,2,-0.659740741,B,4,10.69055247,F,1
DC,11,District of Columbia,11001,District of Columbia,702455,2020-12-30 14:13:35.13358 UTC,2020-10-02,6,POST,D,2,-0.41252409,C,3,-0.596562445,D,2,12.39546198,F,1
DC,11,District of Columbia,11001,District of Columbia,702455,2020-12-30 14:13:35.13358 UTC,2020-10-03,7,POST,F,1.3,-0.39912919,D,2,-0.533636284,F,1,11.01131346,F,1
DC,11,District of Columbia,11001,District of Columbia,702455,2020-12-30 14:13:35.13358 UTC,2020-10-04,1,POST,D+,2.3,-0.475376434,C,3,-0.612345587,C,3,5.705112521,F,1
DC,11,District of Columbia,11001,District of Columbia,702455,2020-12-30 14:13:35.13358 UTC,2020-10-05,2,POST,C,3,-0.580326265,B,4,-0.660830988,B,4,6.084031009,F,1
DC,11,District of Columbia,11001,District of Columbia,702455,2020-12-30 14:13:35.13358 UTC,2020-10-06,3,POST,D+,2.3,-0.531015277,C,3,-0.615630554,C,3,8.572724694,F,1
DC,11,District of Columbia,11001,District of Columbia,702455,2020-12-30 14:13:35.13358 UTC,2020-10-07,4,POST,C,3,-0.570804743,B,4,-0.657066146,B,4,9.309088132,F,1
DC,11,District of Columbia,11001,District of Columbia,702455,2020-12-30 14:13:35.13358 UTC,2020-10-08,5,POST,D+,2.3,-0.547513904,C,3,-0.648186441,C,3,9.668546226,F,1
DC,11,District of Columbia,11001,District of Columbia,702455,2020-12-30 14:13:35.13358 UTC,2020-10-09,6,POST,D+,2.3,-0.483564747,C,3,-0.605209828,C,3,10.87911698,F,1
DC,11,District of Columbia,11001,District of Columbia,702455,2020-12-30 14:13:35.13358 UTC,2020-10-10,7,POST,D-,1.7,-0.270567314,D,2,-0.576165883,D,2,13.34320557,F,1
DC,11,District of Columbia,11001,District of Columbia,702455,2020-12-30 14:13:35.13358 UTC,2020-10-11,1,POST,C-,2.7,-0.480259245,C,3,-0.656943876,B,4,4.838789436,F,1
DC,11,District of Columbia,11001,District of Columbia,702455,2020-12-30 14:13:35.13358 UTC,2020-10-12,2,POST,C-,2.7,-0.474310729,C,3,-0.675954545,B,4,5.276536473,F,1
DC,11,District of Columbia,11001,District of Columbia,702455,2020-12-30 14:13:35.13358 UTC,2020-10-13,3,POST,D+,2.3,-0.447711799,C,3,-0.637553265,C,3,9.617322888,F,1
DC,11,District of Columbia,11001,District of Columbia,702455,2020-12-30 14:13:35.13358 UTC,2020-10-14,4,POST,D+,2.3,-0.439969941,C,3,-0.644375669,C,3,10.13738516,F,1
DC,11,District of Columbia,11001,District of Columbia,702455,2020-12-30 14:13:35.13358 UTC,2020-10-15,5,POST,D+,2.3,-0.476810258,C,3,-0.628494059,C,3,9.843466095,F,1
DC,11,District of Columbia,11001,District of Columbia,702455,2020-12-30 14:13:35.13358 UTC,2020-10-16,6,POST,D+,2.3,-0.468871759,C,3,-0.617639655,C,3,10.05529361,F,1
DC,11,District of Columbia,11001,District of Columbia,702455,2020-12-30 14:13:35.13358 UTC,2020-10-17,7,POST,F,1.3,-0.366035299,D,2,-0.526690639,F,1,13.24724569,F,1
DC,11,District of Columbia,11001,District of Columbia,702455,2020-12-30 14:13:35.13358 UTC,2020-10-18,1,POST,D+,2.3,-0.466867161,C,3,-0.612420028,C,3,6.306818975,F,1
DC,11,District of Columbia,11001,District of Columbia,702455,2020-12-30 14:13:35.13358 UTC,2020-10-19,2,POST,D+,2.3,-0.488246551,C,3,-0.608748136,C,3,7.739059283,F,1
DC,11,District of Columbia,11001,District of Columbia,702455,2020-12-30 14:13:35.13358 UTC,2020-10-20,3,POST,D+,2.3,-0.505754117,C,3,-0.636965988,C,3,8.456186009,F,1
DC,11,District of Columbia,11001,District of Columbia,702455,2020-12-30 14:13:35.13358 UTC,2020-10-21,4,POST,D+,2.3,-0.48061511,C,3,-0.632822639,C,3,8.628869051,F,1
DC,11,District of Columbia,11001,District of Columbia,702455,2020-12-30 14:13:35.13358 UTC,2020-10-22,5,POST,C-,2.7,-0.491687862,C,3,-0.662916114,B,4,7.645783598,F,1
DC,11,District of Columbia,11001,District of Columbia,702455,2020-12-30 14:13:35.13358 UTC,2020-10-23,6,POST,D,2,-0.448158609,C,3,-0.588619943,D,2,9.945465405,F,1
DC,11,District of Columbia,11001,District of Columbia,702455,2020-12-30 14:13:35.13358 UTC,2020-10-24,7,POST,F,1.3,-0.394197581,D,2,-0.541951092,F,1,9.981702001,F,1
DC,11,District of Columbia,11001,District of Columbia,702455,2020-12-30 14:13:35.13358 UTC,2020-10-25,1,POST,C-,2.7,-0.413616288,C,3,-0.652047328,B,4,10.83460412,F,1
DC,11,District of Columbia,11001,District of Columbia,702455,2020-12-30 14:13:35.13358 UTC,2020-10-26,2,POST,D+,2.3,-0.431373159,C,3,-0.626508896,C,3,6.925301632,F,1
DC,11,District of Columbia,11001,District of Columbia,702455,2020-12-30 14:13:35.13358 UTC,2020-10-27,3,POST,D+,2.3,-0.475457514,C,3,-0.644642046,C,3,7.671059743,F,1
DC,11,District of Columbia,11001,District of Columbia,702455,2020-12-30 14:13:35.13358 UTC,2020-10-28,4,POST,C-,2.7,-0.493287821,C,3,-0.650882927,B,4,8.219529716,F,1
DC,11,District of Columbia,11001,District of Columbia,702455,2020-12-30 14:13:35.13358 UTC,2020-10-29,5,POST,C-,2.7,-0.516895501,C,3,-0.671326732,B,4,6.822407591,F,1
DC,11,District of Columbia,11001,District of Columbia,702455,2020-12-30 14:13:35.13358 UTC,2020-10-30,6,POST,D+,2.3,-0.489652018,C,3,-0.604429424,C,3,9.499442107,F,1
DC,11,District of Columbia,11001,District of Columbia,702455,2020-12-30 14:13:35.13358 UTC,2020-10-31,7,POST,D+,2.3,-0.478127495,C,3,-0.633157256,C,3,6.847460053,F,1
DC,11,District of Columbia,11001,District of Columbia,702455,2020-12-30 14:13:35.13358 UTC,2020-11-01,1,POST,C,3,-0.590406189,B,4,-0.656910791,B,4,3.290681491,F,1
DC,11,District of Columbia,11001,District of Columbia,702455,2020-12-30 14:13:35.13358 UTC,2020-11-02,2,POST,D+,2.3,-0.514992211,C,3,-0.625078809,C,3,6.869828323,F,1
DC,11,District of Columbia,11001,District of Columbia,702455,2020-12-30 14:13:35.13358 UTC,2020-11-03,3,POST,C-,2.7,-0.493124948,C,3,-0.65404539,B,4,6.61661951,F,1
DC,11,District of Columbia,11001,District of Columbia,702455,2020-12-30 14:13:35.13358 UTC,2020-11-04,4,POST,C,3,-0.499201769,C,3,-0.701162081,A,5,5.334917657,F,1
DC,11,District of Columbia,11001,District of Columbia,702455,2020-12-30 14:13:35.13358 UTC,2020-11-05,5,POST,C+,3.3,-0.560911026,B,4,-0.725802439,A,5,4.995143641,F,1
DC,11,District of Columbia,11001,District of Columbia,702455,2020-12-30 14:13:35.13358 UTC,2020-11-06,6,POST,C,3,-0.57506394,B,4,-0.659819248,B,4,6.30637161,F,1
DC,11,District of Columbia,11001,District of Columbia,702455,2020-12-30 14:13:35.13358 UTC,2020-11-07,7,POST,D+,2.3,-0.478912806,C,3,-0.600482772,C,3,10.11412216,F,1
DC,11,District of Columbia,11001,District of Columbia,702455,2020-12-30 14:13:35.13358 UTC,2020-11-08,1,POST,C,3,-0.57555857,B,4,-0.680806276,B,4,3.779875549,F,1
DC,11,District of Columbia,11001,District of Columbia,702455,2020-12-30 14:13:35.13358 UTC,2020-11-09,2,POST,D+,2.3,-0.514316158,C,3,-0.64074057,C,3,5.727257108,F,1
DC,11,District of Columbia,11001,District of Columbia,702455,2020-12-30 14:13:35.13358 UTC,2020-11-10,3,POST,D+,2.3,-0.539902555,C,3,-0.645104959,C,3,7.454087527,F,1
DC,11,District of Columbia,11001,District of Columbia,702455,2020-12-30 14:13:35.13358 UTC,2020-11-11,4,POST,C+,3.3,-0.558919046,B,4,-0.732706415,A,5,4.315371925,F,1
DC,11,District of Columbia,11001,District of Columbia,702455,2020-12-30 14:13:35.13358 UTC,2020-11-12,5,POST,C+,3.3,-0.550763967,B,4,-0.713335457,A,5,5.585442278,F,1
DC,11,District of Columbia,11001,District of Columbia,702455,2020-12-30 14:13:35.13358 UTC,2020-11-13,6,POST,D-,1.7,-0.396884767,D,2,-0.588443723,D,2,9.090997503,F,1
DC,11,District of Columbia,11001,District of Columbia,702455,2020-12-30 14:13:35.13358 UTC,2020-11-14,7,POST,D-,1.7,-0.253359963,D,2,-0.553567577,D,2,37.09875534,F,1
DC,11,District of Columbia,11001,District of Columbia,702455,2020-12-30 14:13:35.13358 UTC,2020-11-15,1,POST,C-,2.7,-0.506840908,C,3,-0.669325856,B,4,3.145735103,F,1
DC,11,District of Columbia,11001,District of Columbia,702455,2020-12-30 14:13:35.13358 UTC,2020-11-16,2,POST,D+,2.3,-0.499932438,C,3,-0.644038997,C,3,5.583652816,F,1
DC,11,District of Columbia,11001,District of Columbia,702455,2020-12-30 14:13:35.13358 UTC,2020-11-17,3,POST,C-,2.7,-0.533234711,C,3,-0.694947516,B,4,5.721888723,F,1
DC,11,District of Columbia,11001,District of Columbia,702455,2020-12-30 14:13:35.13358 UTC,2020-11-18,4,POST,C-,2.7,-0.529016141,C,3,-0.692598159,B,4,5.552113556,F,1
DC,11,District of Columbia,11001,District of Columbia,702455,2020-12-30 14:13:35.13358 UTC,2020-11-19,5,POST,C-,2.7,-0.513975624,C,3,-0.676859867,B,4,6.085149422,F,1
DC,11,District of Columbia,11001,District of Columbia,702455,2020-12-30 14:13:35.13358 UTC,2020-11-20,6,POST,D+,2.3,-0.47043741,C,3,-0.626268157,C,3,7.06286649,F,1
DC,11,District of Columbia,11001,District of Columbia,702455,2020-12-30 14:13:35.13358 UTC,2020-11-21,7,POST,D,2,-0.390729064,D,2,-0.613817841,C,3,5.463087843,F,1
DC,11,District of Columbia,11001,District of Columbia,702455,2020-12-30 14:13:35.13358 UTC,2020-11-22,1,POST,D+,2.3,-0.520190095,C,3,-0.648234306,C,3,3.259589596,F,1
DC,11,District of Columbia,11001,District of Columbia,702455,2020-12-30 14:13:35.13358 UTC,2020-11-23,2,POST,C-,2.7,-0.4906968,C,3,-0.655133705,B,4,4.994696275,F,1
DC,11,District of Columbia,11001,District of Columbia,702455,2020-12-30 14:13:35.13358 UTC,2020-11-24,3,POST,C-,2.7,-0.423864681,C,3,-0.672478983,B,4,5.757901637,F,1
DC,11,District of Columbia,11001,District of Columbia,702455,2020-12-30 14:13:35.13358 UTC,2020-11-25,4,POST,C,3,-0.422975075,C,3,-0.710777482,A,5,3.980295245,F,1
DC,11,District of Columbia,11001,District of Columbia,702455,2020-12-30 14:13:35.13358 UTC,2020-11-26,5,POST,C+,3.3,-0.634783554,B,4,-0.866697723,A,5,1.092998994,F,1
DC,11,District of Columbia,11001,District of Columbia,702455,2020-12-30 14:13:35.13358 UTC,2020-11-27,6,POST,C,3,-0.537283002,C,3,-0.750610478,A,5,3.576547977,F,1
DC,11,District of Columbia,11001,District of Columbia,702455,2020-12-30 14:13:35.13358 UTC,2020-11-28,7,POST,C-,2.7,-0.407771235,C,3,-0.654614593,B,4,4.059255237,F,1
DC,11,District of Columbia,11001,District of Columbia,702455,2020-12-30 14:13:35.13358 UTC,2020-11-29,1,POST,C-,2.7,-0.492280272,C,3,-0.697216329,B,4,2.202912536,F,1
DC,11,District of Columbia,11001,District of Columbia,702455,2020-12-30 14:13:35.13358 UTC,2020-11-30,2,POST,C-,2.7,-0.539634994,C,3,-0.690901262,B,4,3.480140735,F,1
DC,11,District of Columbia,11001,District of Columbia,702455,2020-12-30 14:13:35.13358 UTC,2020-12-01,3,POST,C-,2.7,-0.530237681,C,3,-0.678890668,B,4,4.962038602,F,1
DC,11,District of Columbia,11001,District of Columbia,702455,2020-12-30 14:13:35.13358 UTC,2020-12-02,4,POST,C-,2.7,-0.483716319,C,3,-0.677884083,B,4,5.595284316,F,1
DC,11,District of Columbia,11001,District of Columbia,702455,2020-12-30 14:13:35.13358 UTC,2020-12-03,5,POST,C-,2.7,-0.528941895,C,3,-0.687723318,B,4,5.185273933,F,1
DC,11,District of Columbia,11001,District of Columbia,702455,2020-12-30 14:13:35.13358 UTC,2020-12-04,6,POST,C-,2.7,-0.536723366,C,3,-0.65616897,B,4,5.427969659,F,1
DC,11,District of Columbia,11001,District of Columbia,702455,2020-12-30 14:13:35.13358 UTC,2020-12-05,7,POST,D+,2.3,-0.527253769,C,3,-0.631624079,C,3,3.665797373,F,1
DC,11,District of Columbia,11001,District of Columbia,702455,2020-12-30 14:13:35.13358 UTC,2020-12-06,1,POST,C,3,-0.607086228,B,4,-0.692328052,B,4,2.147439227,F,1
DC,11,District of Columbia,11001,District of Columbia,702455,2020-12-30 14:13:35.13358 UTC,2020-12-07,2,POST,C-,2.7,-0.542939973,C,3,-0.661538343,B,4,4.077373536,F,1
DC,11,District of Columbia,11001,District of Columbia,702455,2020-12-30 14:13:35.13358 UTC,2020-12-08,3,POST,C-,2.7,-0.542669779,C,3,-0.690491119,B,4,4.059031554,F,1
DC,11,District of Columbia,11001,District of Columbia,702455,2020-12-30 14:13:35.13358 UTC,2020-12-09,4,POST,C,3,-0.510626701,C,3,-0.720406108,A,5,2.983341465,F,1
DC,11,District of Columbia,11001,District of Columbia,702455,2020-12-30 14:13:35.13358 UTC,2020-12-10,5,POST,C,3,-0.50701254,C,3,-0.752574445,A,5,2.80126375,F,1
DC,11,District of Columbia,11001,District of Columbia,702455,2020-12-30 14:13:35.13358 UTC,2020-12-11,6,POST,D+,2.3,-0.475912832,C,3,-0.643657327,C,3,2.079439687,F,1
DC,11,District of Columbia,11001,District of Columbia,702455,2020-12-30 14:13:35.13358 UTC,2020-12-12,7,POST,C-,2.7,-0.434794549,C,3,-0.694605537,B,4,7.508666105,F,1
DC,11,District of Columbia,11001,District of Columbia,702455,2020-12-30 14:13:35.13358 UTC,2020-12-13,1,POST,C+,3.3,-0.578168054,B,4,-0.726455007,A,5,1.098591062,F,1
DC,11,District of Columbia,11001,District of Columbia,702455,2020-12-30 14:13:35.13358 UTC,2020-12-14,2,POST,C-,2.7,-0.545831731,C,3,-0.697052175,B,4,2.580712611,F,1
DC,11,District of Columbia,11001,District of Columbia,702455,2020-12-30 14:13:35.13358 UTC,2020-12-15,3,POST,C,3,-0.544489682,C,3,-0.712026918,A,5,3.488193312,F,1
DC,11,District of Columbia,11001,District of Columbia,702455,2020-12-30 14:13:35.13358 UTC,2020-12-16,4,POST,C+,3.3,-0.653357269,B,4,-0.792686939,A,5,1.341063105,F,1
DC,11,District of Columbia,11001,District of Columbia,702455,2020-12-30 14:13:35.13358 UTC,2020-12-17,5,POST,C+,3.3,-0.595534727,B,4,-0.781945058,A,5,1.430088818,F,1
DC,11,District of Columbia,11001,District of Columbia,702455,2020-12-30 14:13:35.13358 UTC,2020-12-18,6,POST,C+,3.3,-0.587333559,B,4,-0.718248873,A,5,2.259727941,F,1
DC,11,District of Columbia,11001,District of Columbia,702455,2020-12-30 14:13:35.13358 UTC,2020-12-19,7,POST,D+,2.3,-0.468928796,C,3,-0.639903232,C,3,3.600258343,F,1
DC,11,District of Columbia,11001,District of Columbia,702455,2020-12-30 14:13:35.13358 UTC,2020-12-20,1,POST,C-,2.7,-0.539909149,C,3,-0.68698486,B,4,3.992597794,F,1
DC,11,District of Columbia,11001,District of Columbia,702455,2020-12-30 14:13:35.13358 UTC,2020-12-21,2,POST,C,3,-0.492389101,C,3,-0.71568944,A,5,8.12200406,F,1
DC,11,District of Columbia,11001,District of Columbia,702455,2020-12-30 14:13:35.13358 UTC,2020-12-22,3,POST,D-,1.7,-0.436572398,C,3,-0.51367924,F,1,10.61136879,F,1
DC,11,District of Columbia,11001,District of Columbia,702455,2020-12-30 14:13:35.13358 UTC,2020-12-23,4,POST,F,1.3,-0.379186556,D,2,-0.51926304,F,1,11.4709814,F,1
DC,11,District of Columbia,11001,District of Columbia,702455,2020-12-30 14:13:35.13358 UTC,2020-12-24,5,POST,C,3,-0.559199851,B,4,-0.694688856,B,4,5.353035956,F,1
DC,11,District of Columbia,11001,District of Columbia,702455,2020-12-30 14:13:35.13358 UTC,2020-12-25,6,POST,C+,3.3,-0.694960351,B,4,-0.872064044,A,5,1.407049501,F,1
DC,11,District of Columbia,11001,District of Columbia,702455,2020-12-30 14:13:35.13358 UTC,2020-12-26,7,POST,C-,2.7,-0.513160828,C,3,-0.668726947,B,4,4.481568169,F,1
MD,24,Maryland,24001,Allegany County,70975,2020-12-30 14:13:35.13358 UTC,2020-02-24,2,PRE,F,1,0.110925178,F,1,-0.035527247,F,1,-0.249990392,F,1
MD,24,Maryland,24001,Allegany County,70975,2020-12-30 14:13:35.13358 UTC,2020-02-25,3,PRE,F,1,0.073632345,F,1,-0.006404235,F,1,-0.215656115,F,1
MD,24,Maryland,24001,Allegany County,70975,2020-12-30 14:13:35.13358 UTC,2020-02-26,4,PRE,F,1,0.059812542,F,1,0.040568717,F,1,-0.190391269,F,1
MD,24,Maryland,24001,Allegany County,70975,2020-12-30 14:13:35.13358 UTC,2020-02-27,5,PRE,F,1,0.052340704,F,1,-0.074753428,F,1,-0.212902894,F,1
MD,24,Maryland,24001,Allegany County,70975,2020-12-30 14:13:35.13358 UTC,2020-02-28,6,PRE,F,1,0.039027909,F,1,0.027591137,F,1,-0.015610365,F,1
MD,24,Maryland,24001,Allegany County,70975,2020-12-30 14:13:35.13358 UTC,2020-02-29,7,PRE,F,1,0.115831552,F,1,0.104401769,F,1,-0.022315266,F,1
MD,24,Maryland,24001,Allegany County,70975,2020-12-30 14:13:35.13358 UTC,2020-03-01,1,PRE,F,1.3,-0.016177122,F,1,0.026233737,F,1,-0.439217605,D,2
MD,24,Maryland,24001,Allegany County,70975,2020-12-30 14:13:35.13358 UTC,2020-03-02,2,PRE,F,1,-0.090231945,F,1,-0.011252654,F,1,-0.29533755,F,1
MD,24,Maryland,24001,Allegany County,70975,2020-12-30 14:13:35.13358 UTC,2020-03-03,3,PRE,F,1,-0.146501574,F,1,-0.003535138,F,1,-0.287434188,F,1
MD,24,Maryland,24001,Allegany County,70975,2020-12-30 14:13:35.13358 UTC,2020-03-04,4,PRE,F,1,-0.041800783,F,1,-0.016303009,F,1,-0.247237171,F,1
MD,24,Maryland,24001,Allegany County,70975,2020-12-30 14:13:35.13358 UTC,2020-03-05,5,PRE,F,1,0.034187621,F,1,-0.059117152,F,1,-0.227705502,F,1
MD,24,Maryland,24001,Allegany County,70975,2020-12-30 14:13:35.13358 UTC,2020-03-06,6,PRE,F,1,-0.023105428,F,1,-0.096289557,F,1,-0.173288912,F,1
MD,24,Maryland,24001,Allegany County,70975,2020-12-30 14:13:35.13358 UTC,2020-03-07,7,PRE,F,1,0.060757706,F,1,-0.049640817,F,1,-0.189937798,F,1
MD,24,Maryland,24001,Allegany County,70975,2020-12-30 14:13:35.13358 UTC,2020-03-08,1,PRE,F,1.3,-0.014055605,F,1,0.01683073,F,1,-0.494508748,D,2
MD,24,Maryland,24001,Allegany County,70975,2020-12-30 14:13:35.13358 UTC,2020-03-09,2,POST,F,1.3,-0.033898945,F,1,-0.024345364,F,1,-0.415183611,D,2
MD,24,Maryland,24001,Allegany County,70975,2020-12-30 14:13:35.13358 UTC,2020-03-10,3,POST,F,1,-0.096124609,F,1,-0.086397404,F,1,-0.380428254,F,1
MD,24,Maryland,24001,Allegany County,70975,2020-12-30 14:13:35.13358 UTC,2020-03-11,4,POST,F,1,-0.019471726,F,1,-0.160977852,F,1,-0.213809838,F,1
MD,24,Maryland,24001,Allegany County,70975,2020-12-30 14:13:35.13358 UTC,2020-03-12,5,POST,F,1.3,-0.063912658,F,1,0.021770508,F,1,-0.421370259,D,2
MD,24,Maryland,24001,Allegany County,70975,2020-12-30 14:13:35.13358 UTC,2020-03-13,6,POST,F,1.3,-0.059001176,F,1,-0.099200728,F,1,-0.442456688,D,2
MD,24,Maryland,24001,Allegany County,70975,2020-12-30 14:13:35.13358 UTC,2020-03-14,7,POST,F,1.3,-0.249679972,F,1,-0.289732644,F,1,-0.551840512,D,2
MD,24,Maryland,24001,Allegany County,70975,2020-12-30 14:13:35.13358 UTC,2020-03-15,1,POST,F,1.3,-0.077063916,F,1,-0.098747898,F,1,-0.603179974,D,2
MD,24,Maryland,24001,Allegany County,70975,2020-12-30 14:13:35.13358 UTC,2020-03-16,2,POST,F,1.3,-0.088978708,F,1,-0.126822364,F,1,-0.516890809,D,2
MD,24,Maryland,24001,Allegany County,70975,2020-12-30 14:13:35.13358 UTC,2020-03-17,3,POST,F,1.3,-0.034677655,F,1,-0.338536419,F,1,-0.637740986,D,2
MD,24,Maryland,24001,Allegany County,70975,2020-12-30 14:13:35.13358 UTC,2020-03-18,4,POST,F,1.3,-0.025859924,F,1,-0.336255726,F,1,-0.6253353,D,2
MD,24,Maryland,24001,Allegany County,70975,2020-12-30 14:13:35.13358 UTC,2020-03-19,5,POST,F,1.3,-0.035447934,F,1,-0.34471975,F,1,-0.613091567,D,2
MD,24,Maryland,24001,Allegany County,70975,2020-12-30 14:13:35.13358 UTC,2020-03-20,6,POST,D-,1.7,-0.128329888,F,1,-0.553031386,D,2,-0.70835299,D,2
MD,24,Maryland,24001,Allegany County,70975,2020-12-30 14:13:35.13358 UTC,2020-03-21,7,POST,D,2,-0.226612331,F,1,-0.578214272,D,2,-0.810578441,C,3
MD,24,Maryland,24001,Allegany County,70975,2020-12-30 14:13:35.13358 UTC,2020-03-22,1,POST,C-,2.7,-0.250432177,D,2,-0.561650097,D,2,-0.828101879,B,4
MD,24,Maryland,24001,Allegany County,70975,2020-12-30 14:13:35.13358 UTC,2020-03-23,2,POST,F,1.3,-0.167422104,F,1,-0.480467091,F,1,-0.704206964,D,2
MD,24,Maryland,24001,Allegany County,70975,2020-12-30 14:13:35.13358 UTC,2020-03-24,3,POST,D-,1.7,-0.168175903,F,1,-0.496610025,F,1,-0.767401468,C,3
MD,24,Maryland,24001,Allegany County,70975,2020-12-30 14:13:35.13358 UTC,2020-03-25,4,POST,D-,1.7,-0.096327794,F,1,-0.52440526,F,1,-0.767660595,C,3
MD,24,Maryland,24001,Allegany County,70975,2020-12-30 14:13:35.13358 UTC,2020-03-26,5,POST,D,2,-0.183989888,F,1,-0.556891989,D,2,-0.764097604,C,3
MD,24,Maryland,24001,Allegany County,70975,2020-12-30 14:13:35.13358 UTC,2020-03-27,6,POST,F,1.3,-0.242683089,F,1,-0.520228735,F,1,-0.707348875,D,2
MD,24,Maryland,24001,Allegany County,70975,2020-12-30 14:13:35.13358 UTC,2020-03-28,7,POST,D+,2.3,-0.294337728,D,2,-0.559590905,D,2,-0.749392168,C,3
MD,24,Maryland,24001,Allegany County,70975,2020-12-30 14:13:35.13358 UTC,2020-03-29,1,POST,D,2,-0.284947206,D,2,-0.483748796,F,1,-0.797524938,C,3
MD,24,Maryland,24001,Allegany County,70975,2020-12-30 14:13:35.13358 UTC,2020-03-30,2,POST,D-,1.7,-0.210116131,F,1,-0.33517339,F,1,-0.745806471,C,3
MD,24,Maryland,24001,Allegany County,70975,2020-12-30 14:13:35.13358 UTC,2020-03-31,3,POST,C-,2.7,-0.272230253,D,2,-0.564648621,D,2,-0.878332102,B,4
MD,24,Maryland,24001,Allegany County,70975,2020-12-30 14:13:35.13358 UTC,2020-04-01,4,POST,D+,2.3,-0.255915701,D,2,-0.524733619,F,1,-0.836477294,B,4
MD,24,Maryland,24001,Allegany County,70975,2020-12-30 14:13:35.13358 UTC,2020-04-02,5,POST,D,2,-0.172762853,F,1,-0.537948039,F,1,-0.838666353,B,4
MD,24,Maryland,24001,Allegany County,70975,2020-12-30 14:13:35.13358 UTC,2020-04-03,6,POST,D+,2.3,-0.335895204,D,2,-0.56400026,D,2,-0.814936953,C,3
MD,24,Maryland,24001,Allegany County,70975,2020-12-30 14:13:35.13358 UTC,2020-04-04,7,POST,C,3,-0.33665657,D,2,-0.616028477,C,3,-0.824043439,B,4
MD,24,Maryland,24001,Allegany County,70975,2020-12-30 14:13:35.13358 UTC,2020-04-05,1,POST,C,3,-0.401276332,C,3,-0.599849813,D,2,-0.887088338,B,4
MD,24,Maryland,24001,Allegany County,70975,2020-12-30 14:13:35.13358 UTC,2020-04-06,2,POST,D+,2.3,-0.289190189,D,2,-0.526680821,F,1,-0.835776795,B,4
MD,24,Maryland,24001,Allegany County,70975,2020-12-30 14:13:35.13358 UTC,2020-04-07,3,POST,D+,2.3,-0.28980093,D,2,-0.533976603,F,1,-0.855916138,B,4
MD,24,Maryland,24001,Allegany County,70975,2020-12-30 14:13:35.13358 UTC,2020-04-08,4,POST,D+,2.3,-0.330252339,D,2,-0.516327636,F,1,-0.828027526,B,4
MD,24,Maryland,24001,Allegany County,70975,2020-12-30 14:13:35.13358 UTC,2020-04-09,5,POST,D+,2.3,-0.246498004,F,1,-0.592915564,D,2,-0.821635474,B,4
MD,24,Maryland,24001,Allegany County,70975,2020-12-30 14:13:35.13358 UTC,2020-04-10,6,POST,C-,2.7,-0.350718528,D,2,-0.615569563,C,3,-0.79812498,C,3
MD,24,Maryland,24001,Allegany County,70975,2020-12-30 14:13:35.13358 UTC,2020-04-11,7,POST,D,2,-0.348474247,D,2,-0.525233115,F,1,-0.752242304,C,3
MD,24,Maryland,24001,Allegany County,70975,2020-12-30 14:13:35.13358 UTC,2020-04-12,1,POST,B-,3.7,-0.347876269,D,2,-0.771585288,A,5,-0.929774988,B,4
MD,24,Maryland,24001,Allegany County,70975,2020-12-30 14:13:35.13358 UTC,2020-04-13,2,POST,D,2,-0.212052309,F,1,-0.510403397,F,1,-0.856091262,B,4
MD,24,Maryland,24001,Allegany County,70975,2020-12-30 14:13:35.13358 UTC,2020-04-14,3,POST,D,2,-0.135103655,F,1,-0.508632909,F,1,-0.837703167,B,4
MD,24,Maryland,24001,Allegany County,70975,2020-12-30 14:13:35.13358 UTC,2020-04-15,4,POST,D-,1.7,-0.233183222,F,1,-0.46247681,F,1,-0.779342854,C,3
MD,24,Maryland,24001,Allegany County,70975,2020-12-30 14:13:35.13358 UTC,2020-04-16,5,POST,D-,1.7,-0.09133801,F,1,-0.498616791,F,1,-0.783239379,C,3
MD,24,Maryland,24001,Allegany County,70975,2020-12-30 14:13:35.13358 UTC,2020-04-17,6,POST,D+,2.3,-0.311465233,D,2,-0.558229904,D,2,-0.760692072,C,3
MD,24,Maryland,24001,Allegany County,70975,2020-12-30 14:13:35.13358 UTC,2020-04-18,7,POST,D+,2.3,-0.211916835,F,1,-0.604059997,C,3,-0.792258302,C,3
MD,24,Maryland,24001,Allegany County,70975,2020-12-30 14:13:35.13358 UTC,2020-04-19,1,POST,C,3,-0.371336331,D,2,-0.628189431,C,3,-0.862921126,B,4
MD,24,Maryland,24001,Allegany County,70975,2020-12-30 14:13:35.13358 UTC,2020-04-20,2,POST,D-,1.7,-0.162362742,F,1,-0.473106865,F,1,-0.808150871,C,3
MD,24,Maryland,24001,Allegany County,70975,2020-12-30 14:13:35.13358 UTC,2020-04-21,3,POST,D-,1.7,-0.195857682,F,1,-0.588216207,D,2,-0.738608002,D,2
MD,24,Maryland,24001,Allegany County,70975,2020-12-30 14:13:35.13358 UTC,2020-04-22,4,POST,D-,1.7,-0.16132914,F,1,-0.585742665,D,2,-0.657886948,D,2
MD,24,Maryland,24001,Allegany County,70975,2020-12-30 14:13:35.13358 UTC,2020-04-23,5,POST,D-,1.7,-0.339745123,D,2,-0.507818138,F,1,-0.683525397,D,2
MD,24,Maryland,24001,Allegany County,70975,2020-12-30 14:13:35.13358 UTC,2020-04-24,6,POST,F,1.3,-0.240845867,F,1,-0.512586913,F,1,-0.591654288,D,2
MD,24,Maryland,24001,Allegany County,70975,2020-12-30 14:13:35.13358 UTC,2020-04-25,7,POST,D-,1.7,-0.337954762,D,2,-0.502792215,F,1,-0.560073595,D,2
MD,24,Maryland,24001,Allegany County,70975,2020-12-30 14:13:35.13358 UTC,2020-04-26,1,POST,D+,2.3,-0.395331596,D,2,-0.550484026,D,2,-0.759906609,C,3
MD,24,Maryland,24001,Allegany County,70975,2020-12-30 14:13:35.13358 UTC,2020-04-27,2,POST,F,1.3,-0.167546369,F,1,-0.413092711,F,1,-0.677249318,D,2
MD,24,Maryland,24001,Allegany County,70975,2020-12-30 14:13:35.13358 UTC,2020-04-28,3,POST,F,1.3,-0.082123472,F,1,-0.394415507,F,1,-0.681455626,D,2
MD,24,Maryland,24001,Allegany County,70975,2020-12-30 14:13:35.13358 UTC,2020-04-29,4,POST,F,1.3,-0.100686383,F,1,-0.424715559,F,1,-0.665030995,D,2
MD,24,Maryland,24001,Allegany County,70975,2020-12-30 14:13:35.13358 UTC,2020-04-30,5,POST,D-,1.7,-0.222238193,F,1,-0.353379841,F,1,-0.773927636,C,3
MD,24,Maryland,24001,Allegany County,70975,2020-12-30 14:13:35.13358 UTC,2020-05-01,6,POST,D,2,-0.258799961,D,2,-0.454467477,F,1,-0.74655325,C,3
MD,24,Maryland,24001,Allegany County,70975,2020-12-30 14:13:35.13358 UTC,2020-05-02,7,POST,D-,1.7,-0.218328578,F,1,-0.435675871,F,1,-0.764780585,C,3
MD,24,Maryland,24001,Allegany County,70975,2020-12-30 14:13:35.13358 UTC,2020-05-03,1,POST,C-,2.7,-0.425583609,C,3,-0.559821735,D,2,-0.76738449,C,3
MD,24,Maryland,24001,Allegany County,70975,2020-12-30 14:13:35.13358 UTC,2020-05-04,2,POST,D-,1.7,-0.272651481,D,2,-0.330431706,F,1,-0.614889133,D,2
MD,24,Maryland,24001,Allegany County,70975,2020-12-30 14:13:35.13358 UTC,2020-05-05,3,POST,F,1.3,-0.059337661,F,1,-0.333891213,F,1,-0.571223649,D,2
MD,24,Maryland,24001,Allegany County,70975,2020-12-30 14:13:35.13358 UTC,2020-05-06,4,POST,F,1.3,-0.147800371,F,1,-0.279975045,F,1,-0.492505599,D,2
MD,24,Maryland,24001,Allegany County,70975,2020-12-30 14:13:35.13358 UTC,2020-05-07,5,POST,F,1.3,-0.122918851,F,1,-0.311582872,F,1,-0.433016386,D,2
MD,24,Maryland,24001,Allegany County,70975,2020-12-30 14:13:35.13358 UTC,2020-05-08,6,POST,F,1,-0.080676993,F,1,-0.358606797,F,1,-0.394625479,F,1
MD,24,Maryland,24001,Allegany County,70975,2020-12-30 14:13:35.13358 UTC,2020-05-09,7,POST,F,1,-0.11885446,F,1,-0.23334666,F,1,-0.149724879,F,1
MD,24,Maryland,24001,Allegany County,70975,2020-12-30 14:13:35.13358 UTC,2020-05-10,1,POST,F,1.3,-0.111466641,F,1,-0.238552329,F,1,-0.555533453,D,2
MD,24,Maryland,24001,Allegany County,70975,2020-12-30 14:13:35.13358 UTC,2020-05-11,2,POST,F,1.3,-0.101072793,F,1,-0.276716207,F,1,-0.596461497,D,2
MD,24,Maryland,24001,Allegany County,70975,2020-12-30 14:13:35.13358 UTC,2020-05-12,3,POST,F,1.3,-0.106847246,F,1,-0.20628469,F,1,-0.617159204,D,2
MD,24,Maryland,24001,Allegany County,70975,2020-12-30 14:13:35.13358 UTC,2020-05-13,4,POST,F,1.3,0.111280666,F,1,-0.206619711,F,1,-0.552862781,D,2
MD,24,Maryland,24001,Allegany County,70975,2020-12-30 14:13:35.13358 UTC,2020-05-14,5,POST,F,1,0.017287875,F,1,-0.24121963,F,1,-0.387080832,F,1
MD,24,Maryland,24001,Allegany County,70975,2020-12-30 14:13:35.13358 UTC,2020-05-15,6,POST,F,1,0.169262825,F,1,-0.257495614,F,1,-0.279920127,F,1
MD,24,Maryland,24001,Allegany County,70975,2020-12-30 14:13:35.13358 UTC,2020-05-16,7,POST,F,1,0.14705389,F,1,-0.271418807,F,1,-0.390152104,F,1
MD,24,Maryland,24001,Allegany County,70975,2020-12-30 14:13:35.13358 UTC,2020-05-17,1,POST,F,1.3,-0.09849895,F,1,-0.252460943,F,1,-0.549190607,D,2
MD,24,Maryland,24001,Allegany County,70975,2020-12-30 14:13:35.13358 UTC,2020-05-18,2,POST,F,1.3,-0.102024671,F,1,-0.172116065,F,1,-0.523685692,D,2
MD,24,Maryland,24001,Allegany County,70975,2020-12-30 14:13:35.13358 UTC,2020-05-19,3,POST,F,1.3,-0.028740313,F,1,-0.150678849,F,1,-0.403972831,D,2
MD,24,Maryland,24001,Allegany County,70975,2020-12-30 14:13:35.13358 UTC,2020-05-20,4,POST,F,1,0.135868302,F,1,-0.186852518,F,1,-0.399833289,F,1
MD,24,Maryland,24001,Allegany County,70975,2020-12-30 14:13:35.13358 UTC,2020-05-21,5,POST,F,1.3,0.398863605,F,1,-0.177050758,F,1,-0.41084981,D,2
MD,24,Maryland,24001,Allegany County,70975,2020-12-30 14:13:35.13358 UTC,2020-05-22,6,POST,F,1,0.11919482,F,1,-0.184664371,F,1,-0.164947708,F,1
MD,24,Maryland,24001,Allegany County,70975,2020-12-30 14:13:35.13358 UTC,2020-05-23,7,POST,F,1,0.110492765,F,1,-0.245676258,F,1,-0.262694295,F,1
MD,24,Maryland,24001,Allegany County,70975,2020-12-30 14:13:35.13358 UTC,2020-05-24,1,POST,F,1.3,-0.088312521,F,1,-0.231304177,F,1,-0.597997134,D,2
MD,24,Maryland,24001,Allegany County,70975,2020-12-30 14:13:35.13358 UTC,2020-05-25,2,POST,F,1.3,0.04679622,F,1,-0.17438075,F,1,-0.524887494,D,2
MD,24,Maryland,24001,Allegany County,70975,2020-12-30 14:13:35.13358 UTC,2020-05-26,3,POST,F,1.3,0.019992856,F,1,-0.052241482,F,1,-0.411183644,D,2
MD,24,Maryland,24001,Allegany County,70975,2020-12-30 14:13:35.13358 UTC,2020-05-27,4,POST,F,1,0.163005981,F,1,-0.109425536,F,1,-0.300751367,F,1
MD,24,Maryland,24001,Allegany County,70975,2020-12-30 14:13:35.13358 UTC,2020-05-28,5,POST,F,1,0.03467701,F,1,-0.192987732,F,1,-0.394291645,F,1
MD,24,Maryland,24001,Allegany County,70975,2020-12-30 14:13:35.13358 UTC,2020-05-29,6,POST,F,1,-0.0683919,F,1,-0.2084216,F,1,-0.179769937,F,1
MD,24,Maryland,24001,Allegany County,70975,2020-12-30 14:13:35.13358 UTC,2020-05-30,7,POST,F,1.3,0.024860842,F,1,-0.323368198,F,1,-0.535353581,D,2
MD,24,Maryland,24001,Allegany County,70975,2020-12-30 14:13:35.13358 UTC,2020-05-31,1,POST,F,1.3,-0.06803362,F,1,-0.26578187,F,1,-0.703235239,D,2
MD,24,Maryland,24001,Allegany County,70975,2020-12-30 14:13:35.13358 UTC,2020-06-01,2,POST,F,1.3,-0.038047074,F,1,-0.031776362,F,1,-0.465065486,D,2
MD,24,Maryland,24001,Allegany County,70975,2020-12-30 14:13:35.13358 UTC,2020-06-02,3,POST,F,1.3,-0.037695305,F,1,-0.150883784,F,1,-0.600588707,D,2
MD,24,Maryland,24001,Allegany County,70975,2020-12-30 14:13:35.13358 UTC,2020-06-03,4,POST,F,1.3,-0.064631668,F,1,-0.081777734,F,1,-0.449647452,D,2
MD,24,Maryland,24001,Allegany County,70975,2020-12-30 14:13:35.13358 UTC,2020-06-04,5,POST,F,1.3,0.095315818,F,1,-0.185891268,F,1,-0.501958638,D,2
MD,24,Maryland,24001,Allegany County,70975,2020-12-30 14:13:35.13358 UTC,2020-06-05,6,POST,F,1,0.06516091,F,1,-0.20551043,F,1,-0.397336266,F,1
MD,24,Maryland,24001,Allegany County,70975,2020-12-30 14:13:35.13358 UTC,2020-06-06,7,POST,F,1.3,0.006805777,F,1,-0.314185486,F,1,-0.576263196,D,2
MD,24,Maryland,24001,Allegany County,70975,2020-12-30 14:13:35.13358 UTC,2020-06-07,1,POST,F,1.3,-0.02023899,F,1,-0.219289224,F,1,-0.643992416,D,2
MD,24,Maryland,24001,Allegany County,70975,2020-12-30 14:13:35.13358 UTC,2020-06-08,2,POST,F,1.3,0.045175528,F,1,-0.060438783,F,1,-0.527903691,D,2
MD,24,Maryland,24001,Allegany County,70975,2020-12-30 14:13:35.13358 UTC,2020-06-09,3,POST,F,1.3,-0.068008899,F,1,-0.096507557,F,1,-0.476661402,D,2
MD,24,Maryland,24001,Allegany County,70975,2020-12-30 14:13:35.13358 UTC,2020-06-10,4,POST,F,1.3,-0.076968871,F,1,-0.177855489,F,1,-0.502088201,D,2
MD,24,Maryland,24001,Allegany County,70975,2020-12-30 14:13:35.13358 UTC,2020-06-11,5,POST,F,1.3,0.147553476,F,1,-0.164301179,F,1,-0.475592505,D,2
MD,24,Maryland,24001,Allegany County,70975,2020-12-30 14:13:35.13358 UTC,2020-06-12,6,POST,F,1,0.16310535,F,1,-0.151185912,F,1,-0.346417885,F,1
MD,24,Maryland,24001,Allegany County,70975,2020-12-30 14:13:35.13358 UTC,2020-06-13,7,POST,F,1.3,0.102272621,F,1,-0.161742136,F,1,-0.452530235,D,2
MD,24,Maryland,24001,Allegany County,70975,2020-12-30 14:13:35.13358 UTC,2020-06-14,1,POST,F,1.3,0.000231534,F,1,-0.071975448,F,1,-0.559160839,D,2
MD,24,Maryland,24001,Allegany County,70975,2020-12-30 14:13:35.13358 UTC,2020-06-15,2,POST,F,1.3,0.00148842,F,1,-0.054564756,F,1,-0.558869322,D,2
MD,24,Maryland,24001,Allegany County,70975,2020-12-30 14:13:35.13358 UTC,2020-06-16,3,POST,F,1.3,0.089663209,F,1,-0.034343779,F,1,-0.515562786,D,2
MD,24,Maryland,24001,Allegany County,70975,2020-12-30 14:13:35.13358 UTC,2020-06-17,4,POST,F,1.3,0.018892036,F,1,-0.03482244,F,1,-0.472612548,D,2
MD,24,Maryland,24001,Allegany County,70975,2020-12-30 14:13:35.13358 UTC,2020-06-18,5,POST,F,1.3,0.055946677,F,1,-0.126533558,F,1,-0.526381322,D,2
MD,24,Maryland,24001,Allegany County,70975,2020-12-30 14:13:35.13358 UTC,2020-06-19,6,POST,F,1,0.094170242,F,1,-0.143596075,F,1,-0.390242674,F,1
MD,24,Maryland,24001,Allegany County,70975,2020-12-30 14:13:35.13358 UTC,2020-06-20,7,POST,F,1,0.186377643,F,1,-0.154984072,F,1,-0.371909466,F,1
MD,24,Maryland,24001,Allegany County,70975,2020-12-30 14:13:35.13358 UTC,2020-06-21,1,POST,F,1.3,0.101299248,F,1,-0.163981259,F,1,-0.614095682,D,2
MD,24,Maryland,24001,Allegany County,70975,2020-12-30 14:13:35.13358 UTC,2020-06-22,2,POST,F,1.3,-0.076003713,F,1,0.023000708,F,1,-0.519352512,D,2
MD,24,Maryland,24001,Allegany County,70975,2020-12-30 14:13:35.13358 UTC,2020-06-23,3,POST,F,1.3,0.087062574,F,1,0.126940483,F,1,-0.460239252,D,2
MD,24,Maryland,24001,Allegany County,70975,2020-12-30 14:13:35.13358 UTC,2020-06-24,4,POST,F,1.3,0.150741982,F,1,0.059285163,F,1,-0.444853609,D,2
MD,24,Maryland,24001,Allegany County,70975,2020-12-30 14:13:35.13358 UTC,2020-06-25,5,POST,F,1,0.201248291,F,1,0.008118836,F,1,-0.377966551,F,1
MD,24,Maryland,24001,Allegany County,70975,2020-12-30 14:13:35.13358 UTC,2020-06-26,6,POST,F,1,0.228154868,F,1,-0.115212165,F,1,-0.38185345,F,1
MD,24,Maryland,24001,Allegany County,70975,2020-12-30 14:13:35.13358 UTC,2020-06-27,7,POST,F,1.3,0.169739787,F,1,-0.117066691,F,1,-0.496322634,D,2
MD,24,Maryland,24001,Allegany County,70975,2020-12-30 14:13:35.13358 UTC,2020-06-28,1,POST,F,1.3,0.040257006,F,1,-0.123757285,F,1,-0.568651352,D,2
MD,24,Maryland,24001,Allegany County,70975,2020-12-30 14:13:35.13358 UTC,2020-06-29,2,POST,F,1.3,0.021846518,F,1,-0.042887473,F,1,-0.602920847,D,2
MD,24,Maryland,24001,Allegany County,70975,2020-12-30 14:13:35.13358 UTC,2020-06-30,3,POST,F,1.3,0.115437436,F,1,0.100572112,F,1,-0.455931272,D,2
MD,24,Maryland,24001,Allegany County,70975,2020-12-30 14:13:35.13358 UTC,2020-07-01,4,POST,F,1.3,0.103985941,F,1,0.060926957,F,1,-0.420139408,D,2
MD,24,Maryland,24001,Allegany County,70975,2020-12-30 14:13:35.13358 UTC,2020-07-02,5,POST,F,1,0.157136674,F,1,-0.001744046,F,1,-0.388558351,F,1
MD,24,Maryland,24001,Allegany County,70975,2020-12-30 14:13:35.13358 UTC,2020-07-03,6,POST,F,1,0.096652756,F,1,-0.036298655,F,1,-0.395230862,F,1
MD,24,Maryland,24001,Allegany County,70975,2020-12-30 14:13:35.13358 UTC,2020-07-04,7,POST,F,1.3,-0.020992704,F,1,-0.349471865,F,1,-0.565023579,D,2
MD,24,Maryland,24001,Allegany County,70975,2020-12-30 14:13:35.13358 UTC,2020-07-05,1,POST,F,1.3,0.034799743,F,1,-0.060613481,F,1,-0.58620718,D,2
MD,24,Maryland,24001,Allegany County,70975,2020-12-30 14:13:35.13358 UTC,2020-07-06,2,POST,F,1.3,0.014493055,F,1,0.191365888,F,1,-0.467721533,D,2
MD,24,Maryland,24001,Allegany County,70975,2020-12-30 14:13:35.13358 UTC,2020-07-07,3,POST,F,1.3,-0.012494336,F,1,-0.005789429,F,1,-0.486346259,D,2
MD,24,Maryland,24001,Allegany County,70975,2020-12-30 14:13:35.13358 UTC,2020-07-08,4,POST,F,1.3,0.171053058,F,1,0.066049352,F,1,-0.464612014,D,2
MD,24,Maryland,24001,Allegany County,70975,2020-12-30 14:13:35.13358 UTC,2020-07-09,5,POST,F,1.3,0.267955018,F,1,-0.127435651,F,1,-0.499237809,D,2
MD,24,Maryland,24001,Allegany County,70975,2020-12-30 14:13:35.13358 UTC,2020-07-10,6,POST,F,1,0.178778099,F,1,-0.116979661,F,1,-0.377383516,F,1
MD,24,Maryland,24001,Allegany County,70975,2020-12-30 14:13:35.13358 UTC,2020-07-11,7,POST,F,1.3,0.287260662,F,1,-0.113610276,F,1,-0.453145661,D,2
MD,24,Maryland,24001,Allegany County,70975,2020-12-30 14:13:35.13358 UTC,2020-07-12,1,POST,F,1.3,0.126323517,F,1,-0.017124574,F,1,-0.59835374,D,2
MD,24,Maryland,24001,Allegany County,70975,2020-12-30 14:13:35.13358 UTC,2020-07-13,2,POST,F,1.3,-0.010003631,F,1,0.067374381,F,1,-0.458490148,D,2
MD,24,Maryland,24001,Allegany County,70975,2020-12-30 14:13:35.13358 UTC,2020-07-14,3,POST,F,1.3,-0.013053082,F,1,0.06976347,F,1,-0.466911763,D,2
MD,24,Maryland,24001,Allegany County,70975,2020-12-30 14:13:35.13358 UTC,2020-07-15,4,POST,F,1.3,0.020857086,F,1,0.008389565,F,1,-0.461632058,D,2
MD,24,Maryland,24001,Allegany County,70975,2020-12-30 14:13:35.13358 UTC,2020-07-16,5,POST,F,1.3,-0.040605735,F,1,-0.02399567,F,1,-0.422277203,D,2
MD,24,Maryland,24001,Allegany County,70975,2020-12-30 14:13:35.13358 UTC,2020-07-17,6,POST,F,1.3,0.116941841,F,1,-0.129560075,F,1,-0.401287946,D,2
MD,24,Maryland,24001,Allegany County,70975,2020-12-30 14:13:35.13358 UTC,2020-07-18,7,POST,F,1.3,0.363129437,F,1,-0.100867973,F,1,-0.431508588,D,2
MD,24,Maryland,24001,Allegany County,70975,2020-12-30 14:13:35.13358 UTC,2020-07-19,1,POST,F,1.3,0.160083297,F,1,-0.067404542,F,1,-0.559873437,D,2
MD,24,Maryland,24001,Allegany County,70975,2020-12-30 14:13:35.13358 UTC,2020-07-20,2,POST,F,1.3,0.016673908,F,1,0.008421798,F,1,-0.503383834,D,2
MD,24,Maryland,24001,Allegany County,70975,2020-12-30 14:13:35.13358 UTC,2020-07-21,3,POST,F,1.3,0.064915573,F,1,0.049338229,F,1,-0.464482451,D,2
MD,24,Maryland,24001,Allegany County,70975,2020-12-30 14:13:35.13358 UTC,2020-07-22,4,POST,F,1.3,0.029700027,F,1,0.039255282,F,1,-0.48871079,D,2
MD,24,Maryland,24001,Allegany County,70975,2020-12-30 14:13:35.13358 UTC,2020-07-23,5,POST,F,1.3,0.143690167,F,1,-0.033136878,F,1,-0.431055117,D,2
MD,24,Maryland,24001,Allegany County,70975,2020-12-30 14:13:35.13358 UTC,2020-07-24,6,POST,F,1,0.055355943,F,1,-0.024134122,F,1,-0.297993598,F,1
MD,24,Maryland,24001,Allegany County,70975,2020-12-30 14:13:35.13358 UTC,2020-07-25,7,POST,F,1,0.123888538,F,1,-0.106387918,F,1,-0.359115089,F,1
MD,24,Maryland,24001,Allegany County,70975,2020-12-30 14:13:35.13358 UTC,2020-07-26,1,POST,F,1.3,0.242807883,F,1,-0.114158382,F,1,-0.578465772,D,2
MD,24,Maryland,24001,Allegany County,70975,2020-12-30 14:13:35.13358 UTC,2020-07-27,2,POST,F,1.3,0.041613718,F,1,0.0985138,F,1,-0.516566901,D,2
MD,24,Maryland,24001,Allegany County,70975,2020-12-30 14:13:35.13358 UTC,2020-07-28,3,POST,F,1,-0.164011299,F,1,0.065186577,F,1,-0.315063564,F,1
MD,24,Maryland,24001,Allegany County,70975,2020-12-30 14:13:35.13358 UTC,2020-07-29,4,POST,F,1,-0.097833796,F,1,-0.000738807,F,1,0.032295669,F,1
MD,24,Maryland,24001,Allegany County,70975,2020-12-30 14:13:35.13358 UTC,2020-07-29,4,POST,F,1,-0.097833796,F,1,-0.000738807,F,1,0.032295669,F,1
MD,24,Maryland,24001,Allegany County,70975,2020-12-30 14:13:35.13358 UTC,2020-07-30,5,POST,F,1,0.011450359,F,1,-0.081428915,F,1,0.118617224,F,1
MD,24,Maryland,24001,Allegany County,70975,2020-12-30 14:13:35.13358 UTC,2020-07-30,5,POST,F,1,0.011450359,F,1,-0.081428915,F,1,0.118617224,F,1
MD,24,Maryland,24001,Allegany County,70975,2020-12-30 14:13:35.13358 UTC,2020-07-31,6,POST,F,1,0.06496434,F,1,-0.0150887,F,1,-0.36892951,F,1
MD,24,Maryland,24001,Allegany County,70975,2020-12-30 14:13:35.13358 UTC,2020-08-01,7,POST,F,1,0.006565713,F,1,-0.089054258,F,1,0.041170756,F,1
MD,24,Maryland,24001,Allegany County,70975,2020-12-30 14:13:35.13358 UTC,2020-08-02,1,POST,F,1,-0.145702623,F,1,-0.025743997,F,1,0.107928251,F,1
MD,24,Maryland,24001,Allegany County,70975,2020-12-30 14:13:35.13358 UTC,2020-08-03,2,POST,F,1,-0.134768718,F,1,0.169568294,F,1,-0.081460917,F,1
MD,24,Maryland,24001,Allegany County,70975,2020-12-30 14:13:35.13358 UTC,2020-08-04,3,POST,F,1,-0.110970337,F,1,0.077209461,F,1,0.081756462,F,1
MD,24,Maryland,24001,Allegany County,70975,2020-12-30 14:13:35.13358 UTC,2020-08-05,4,POST,F,1,-0.155770948,F,1,0.002873139,F,1,0.215627752,F,1
MD,24,Maryland,24001,Allegany County,70975,2020-12-30 14:13:35.13358 UTC,2020-08-06,5,POST,F,1,-0.131747547,F,1,-0.045585759,F,1,0.132772016,F,1
MD,24,Maryland,24001,Allegany County,70975,2020-12-30 14:13:35.13358 UTC,2020-08-07,6,POST,F,1,-0.110349828,F,1,-0.207433881,F,1,0.133905695,F,1
MD,24,Maryland,24001,Allegany County,70975,2020-12-30 14:13:35.13358 UTC,2020-08-08,7,POST,F,1,-0.029443294,F,1,-0.048144757,F,1,0.091408929,F,1
MD,24,Maryland,24001,Allegany County,70975,2020-12-30 14:13:35.13358 UTC,2020-08-09,1,POST,F,1,0.003852737,F,1,-0.013924939,F,1,-0.335178268,F,1
MD,24,Maryland,24001,Allegany County,70975,2020-12-30 14:13:35.13358 UTC,2020-08-10,2,POST,F,1,-0.162944063,F,1,0.012526539,F,1,0.263954866,F,1
MD,24,Maryland,24001,Allegany County,70975,2020-12-30 14:13:35.13358 UTC,2020-08-11,3,POST,F,1,-0.104438397,F,1,0.047220562,F,1,0.12396171,F,1
MD,24,Maryland,24001,Allegany County,70975,2020-12-30 14:13:35.13358 UTC,2020-08-12,4,POST,F,1,0.050595596,F,1,0.076491159,F,1,-0.321638902,F,1
MD,24,Maryland,24001,Allegany County,70975,2020-12-30 14:13:35.13358 UTC,2020-08-13,5,POST,F,1,-0.016632922,F,1,0.023694972,F,1,0.254917826,F,1
MD,24,Maryland,24001,Allegany County,70975,2020-12-30 14:13:35.13358 UTC,2020-08-14,6,POST,F,1,0.034917417,F,1,-0.030008448,F,1,0.000941348,F,1
MD,24,Maryland,24001,Allegany County,70975,2020-12-30 14:13:35.13358 UTC,2020-08-15,7,POST,F,1,0.018286573,F,1,0.124985491,F,1,0.344608027,F,1
MD,24,Maryland,24001,Allegany County,70975,2020-12-30 14:13:35.13358 UTC,2020-08-16,1,POST,F,1,-0.058097991,F,1,0.125552998,F,1,0.155445595,F,1
MD,24,Maryland,24001,Allegany County,70975,2020-12-30 14:13:35.13358 UTC,2020-08-17,2,POST,F,1,-0.122110948,F,1,0.174097665,F,1,-0.046964686,F,1
MD,24,Maryland,24001,Allegany County,70975,2020-12-30 14:13:35.13358 UTC,2020-08-18,3,POST,F,1,-0.129422266,F,1,0.059516694,F,1,0.081562117,F,1
MD,24,Maryland,24001,Allegany County,70975,2020-12-30 14:13:35.13358 UTC,2020-08-19,4,POST,F,1.3,0.115354544,F,1,0.052061272,F,1,-0.436788293,D,2
MD,24,Maryland,24001,Allegany County,70975,2020-12-30 14:13:35.13358 UTC,2020-08-20,5,POST,F,1.3,0.094114765,F,1,-0.00884051,F,1,-0.573931056,D,2
MD,24,Maryland,24001,Allegany County,70975,2020-12-30 14:13:35.13358 UTC,2020-08-21,6,POST,F,1.3,0.169093195,F,1,0.011059848,F,1,-0.474815125,D,2
MD,24,Maryland,24001,Allegany County,70975,2020-12-30 14:13:35.13358 UTC,2020-08-22,7,POST,F,1.3,0.177997019,F,1,-0.08451449,F,1,-0.549637936,D,2
MD,24,Maryland,24001,Allegany County,70975,2020-12-30 14:13:35.13358 UTC,2020-08-23,1,POST,F,1.3,0.051117526,F,1,0.045627438,F,1,-0.591130586,D,2
MD,24,Maryland,24001,Allegany County,70975,2020-12-30 14:13:35.13358 UTC,2020-08-24,2,POST,F,1.3,0.012865528,F,1,0.242533616,F,1,-0.526089804,D,2
MD,24,Maryland,24001,Allegany County,70975,2020-12-30 14:13:35.13358 UTC,2020-08-25,3,POST,F,1.3,0.007924288,F,1,-0.00175903,F,1,-0.588604101,D,2
MD,24,Maryland,24001,Allegany County,70975,2020-12-30 14:13:35.13358 UTC,2020-08-26,4,POST,F,1.3,0.007142003,F,1,0.042735885,F,1,-0.642923519,D,2
MD,24,Maryland,24001,Allegany County,70975,2020-12-30 14:13:35.13358 UTC,2020-08-27,5,POST,F,1.3,0.012610108,F,1,-0.027844599,F,1,-0.577558829,D,2
MD,24,Maryland,24001,Allegany County,70975,2020-12-30 14:13:35.13358 UTC,2020-08-28,6,POST,F,1.3,-0.038637078,F,1,-0.074819676,F,1,-0.533895994,D,2
MD,24,Maryland,24001,Allegany County,70975,2020-12-30 14:13:35.13358 UTC,2020-08-29,7,POST,F,1.3,0.00160987,F,1,-0.006564608,F,1,-0.50947331,D,2
MD,24,Maryland,24001,Allegany County,70975,2020-12-30 14:13:35.13358 UTC,2020-08-30,1,POST,F,1.3,0.031824075,F,1,0.03726921,F,1,-0.670973975,D,2
MD,24,Maryland,24001,Allegany County,70975,2020-12-30 14:13:35.13358 UTC,2020-08-31,2,POST,D-,1.7,-0.289606284,D,2,-0.048124558,F,1,-0.671297884,D,2
MD,24,Maryland,24001,Allegany County,70975,2020-12-30 14:13:35.13358 UTC,2020-09-01,3,POST,D-,1.7,-0.268642681,D,2,0.107198361,F,1,-0.607293609,D,2
MD,24,Maryland,24001,Allegany County,70975,2020-12-30 14:13:35.13358 UTC,2020-09-02,4,POST,F,1.3,-0.110544791,F,1,0.09993597,F,1,-0.577364484,D,2
MD,24,Maryland,24001,Allegany County,70975,2020-12-30 14:13:35.13358 UTC,2020-09-03,5,POST,F,1.3,-0.121727219,F,1,0.071806591,F,1,-0.58151051,D,2
MD,24,Maryland,24001,Allegany County,70975,2020-12-30 14:13:35.13358 UTC,2020-09-04,6,POST,F,1.3,-0.042787836,F,1,0.069283254,F,1,-0.489844469,D,2
MD,24,Maryland,24001,Allegany County,70975,2020-12-30 14:13:35.13358 UTC,2020-09-05,7,POST,F,1.3,-0.007933408,F,1,0.005816578,F,1,-0.554140261,D,2
MD,24,Maryland,24001,Allegany County,70975,2020-12-30 14:13:35.13358 UTC,2020-09-06,1,POST,F,1.3,-0.059656221,F,1,0.069722644,F,1,-0.66057652,D,2
MD,24,Maryland,24001,Allegany County,70975,2020-12-30 14:13:35.13358 UTC,2020-09-07,2,POST,F,1.3,-0.202397531,F,1,0.147629158,F,1,-0.66449581,D,2
MD,24,Maryland,24001,Allegany County,70975,2020-12-30 14:13:35.13358 UTC,2020-09-08,3,POST,F,1.3,-0.194703153,F,1,0.013884382,F,1,-0.64062377,D,2
MD,24,Maryland,24001,Allegany County,70975,2020-12-30 14:13:35.13358 UTC,2020-09-09,4,POST,F,1.3,-0.098231258,F,1,0.023100034,F,1,-0.684027479,D,2
MD,24,Maryland,24001,Allegany County,70975,2020-12-30 14:13:35.13358 UTC,2020-09-10,5,POST,F,1.3,-0.080968454,F,1,-0.129119557,F,1,-0.670714849,D,2
MD,24,Maryland,24001,Allegany County,70975,2020-12-30 14:13:35.13358 UTC,2020-09-11,6,POST,F,1.3,-0.104015915,F,1,0.032945611,F,1,-0.598580476,D,2
MD,24,Maryland,24001,Allegany County,70975,2020-12-30 14:13:35.13358 UTC,2020-09-12,7,POST,F,1.3,-0.127668471,F,1,0.008292815,F,1,-0.517603408,D,2
MD,24,Maryland,24001,Allegany County,70975,2020-12-30 14:13:35.13358 UTC,2020-09-13,1,POST,F,1.3,-0.161320815,F,1,0.221215535,F,1,-0.677257796,D,2
MD,24,Maryland,24001,Allegany County,70975,2020-12-30 14:13:35.13358 UTC,2020-09-14,2,POST,F,1.3,-0.16569829,F,1,-0.034394904,F,1,-0.671330274,D,2
MD,24,Maryland,24001,Allegany County,70975,2020-12-30 14:13:35.13358 UTC,2020-09-15,3,POST,F,1.3,-0.193672805,F,1,-0.016172829,F,1,-0.658859806,D,2
MD,24,Maryland,24001,Allegany County,70975,2020-12-30 14:13:35.13358 UTC,2020-09-16,4,POST,F,1.3,-0.088690099,F,1,-0.024906007,F,1,-0.688238286,D,2
MD,24,Maryland,24001,Allegany County,70975,2020-12-30 14:13:35.13358 UTC,2020-09-17,5,POST,F,1.3,0.07236146,F,1,-0.078903055,F,1,-0.676966278,D,2
MD,24,Maryland,24001,Allegany County,70975,2020-12-30 14:13:35.13358 UTC,2020-09-18,6,POST,F,1.3,0.03745442,F,1,0.030242381,F,1,-0.561233852,D,2
MD,24,Maryland,24001,Allegany County,70975,2020-12-30 14:13:35.13358 UTC,2020-09-19,7,POST,F,1.3,0.050689625,F,1,0.123386254,F,1,-0.412462782,D,2
MD,24,Maryland,24001,Allegany County,70975,2020-12-30 14:13:35.13358 UTC,2020-09-20,1,POST,F,1.3,-0.105563256,F,1,0.060058442,F,1,-0.671006366,D,2
MD,24,Maryland,24001,Allegany County,70975,2020-12-30 14:13:35.13358 UTC,2020-09-21,2,POST,D-,1.7,-0.166234817,F,1,0.000636943,F,1,-0.807242186,C,3
MD,24,Maryland,24001,Allegany County,70975,2020-12-30 14:13:35.13358 UTC,2020-09-22,3,POST,D-,1.7,-0.123072535,F,1,-0.092477158,F,1,-0.754218402,C,3
MD,24,Maryland,24001,Allegany County,70975,2020-12-30 14:13:35.13358 UTC,2020-09-23,4,POST,F,1.3,-0.103056728,F,1,-0.112052406,F,1,-0.73928623,D,2
MD,24,Maryland,24001,Allegany County,70975,2020-12-30 14:13:35.13358 UTC,2020-09-24,5,POST,F,1.3,0.067763591,F,1,-0.118775559,F,1,-0.692999738,D,2
MD,24,Maryland,24001,Allegany County,70975,2020-12-30 14:13:35.13358 UTC,2020-09-25,6,POST,F,1.3,0.050632464,F,1,-0.022678537,F,1,-0.572700205,D,2
MD,24,Maryland,24001,Allegany County,70975,2020-12-30 14:13:35.13358 UTC,2020-09-26,7,POST,F,1.3,0.036158043,F,1,0.128803023,F,1,-0.56544466,D,2
MD,24,Maryland,24001,Allegany County,70975,2020-12-30 14:13:35.13358 UTC,2020-09-27,1,POST,F,1.3,-0.08083689,F,1,0.226765921,F,1,-0.668382709,D,2
MD,24,Maryland,24001,Allegany County,70975,2020-12-30 14:13:35.13358 UTC,2020-09-28,2,POST,F,1.3,-0.148537357,F,1,-0.032554848,F,1,-0.717422422,D,2
MD,24,Maryland,24001,Allegany County,70975,2020-12-30 14:13:35.13358 UTC,2020-09-29,3,POST,F,1.3,-0.139775955,F,1,-0.007019042,F,1,-0.699089214,D,2
MD,24,Maryland,24001,Allegany County,70975,2020-12-30 14:13:35.13358 UTC,2020-09-30,4,POST,F,1.3,0.150757985,F,1,0.080825494,F,1,-0.673144161,D,2
MD,24,Maryland,24001,Allegany County,70975,2020-12-30 14:13:35.13358 UTC,2020-10-01,5,POST,F,1.3,0.247986576,F,1,0.008599952,F,1,-0.686877872,D,2
MD,24,Maryland,24001,Allegany County,70975,2020-12-30 14:13:35.13358 UTC,2020-10-02,6,POST,F,1.3,-0.012661062,F,1,0.015426603,F,1,-0.57953467,D,2
MD,24,Maryland,24001,Allegany County,70975,2020-12-30 14:13:35.13358 UTC,2020-10-03,7,POST,F,1.3,0.031711266,F,1,0.069734449,F,1,-0.556537182,D,2
MD,24,Maryland,24001,Allegany County,70975,2020-12-30 14:13:35.13358 UTC,2020-10-04,1,POST,F,1.3,0.010355672,F,1,0.124638817,F,1,-0.720564332,D,2
MD,24,Maryland,24001,Allegany County,70975,2020-12-30 14:13:35.13358 UTC,2020-10-05,2,POST,D-,1.7,-0.16721081,F,1,-0.068506723,F,1,-0.805784599,C,3
MD,24,Maryland,24001,Allegany County,70975,2020-12-30 14:13:35.13358 UTC,2020-10-06,3,POST,D-,1.7,-0.200174997,F,1,-0.063922808,F,1,-0.75337624,C,3
MD,24,Maryland,24001,Allegany County,70975,2020-12-30 14:13:35.13358 UTC,2020-10-07,4,POST,F,1.3,-0.171364629,F,1,-0.048941864,F,1,-0.736273883,D,2
MD,24,Maryland,24001,Allegany County,70975,2020-12-30 14:13:35.13358 UTC,2020-10-08,5,POST,D-,1.7,-0.141156679,F,1,-0.097065191,F,1,-0.782495594,C,3
MD,24,Maryland,24001,Allegany County,70975,2020-12-30 14:13:35.13358 UTC,2020-10-09,6,POST,F,1.3,-0.050432541,F,1,-0.098732861,F,1,-0.675638254,D,2
MD,24,Maryland,24001,Allegany County,70975,2020-12-30 14:13:35.13358 UTC,2020-10-10,7,POST,F,1.3,0.05052415,F,1,-0.057482234,F,1,-0.630420659,D,2
MD,24,Maryland,24001,Allegany County,70975,2020-12-30 14:13:35.13358 UTC,2020-10-11,1,POST,F,1.3,-0.117139006,F,1,-0.015230912,F,1,-0.730249189,D,2
MD,24,Maryland,24001,Allegany County,70975,2020-12-30 14:13:35.13358 UTC,2020-10-12,2,POST,D-,1.7,-0.224723514,F,1,-0.031988677,F,1,-0.757975738,C,3
MD,24,Maryland,24001,Allegany County,70975,2020-12-30 14:13:35.13358 UTC,2020-10-13,3,POST,F,1.3,-0.15401812,F,1,-0.039398856,F,1,-0.737666689,D,2
MD,24,Maryland,24001,Allegany County,70975,2020-12-30 14:13:35.13358 UTC,2020-10-14,4,POST,F,1.3,0.038065302,F,1,-0.005073142,F,1,-0.732840456,D,2
MD,24,Maryland,24001,Allegany County,70975,2020-12-30 14:13:35.13358 UTC,2020-10-15,5,POST,F,1.3,-0.077900658,F,1,-0.113783979,F,1,-0.691380197,D,2
MD,24,Maryland,24001,Allegany County,70975,2020-12-30 14:13:35.13358 UTC,2020-10-16,6,POST,F,1.3,-0.070016785,F,1,0.02582364,F,1,-0.630712177,D,2
MD,24,Maryland,24001,Allegany County,70975,2020-12-30 14:13:35.13358 UTC,2020-10-17,7,POST,F,1.3,0.036223535,F,1,0.141700092,F,1,-0.577396875,D,2
MD,24,Maryland,24001,Allegany County,70975,2020-12-30 14:13:35.13358 UTC,2020-10-18,1,POST,F,1.3,-0.058692578,F,1,0.147428049,F,1,-0.717001341,D,2
MD,24,Maryland,24001,Allegany County,70975,2020-12-30 14:13:35.13358 UTC,2020-10-19,2,POST,F,1.3,-0.186947117,F,1,0.107147912,F,1,-0.735852803,D,2
MD,24,Maryland,24001,Allegany County,70975,2020-12-30 14:13:35.13358 UTC,2020-10-20,3,POST,D-,1.7,-0.148680802,F,1,0.009307489,F,1,-0.748971088,C,3
MD,24,Maryland,24001,Allegany County,70975,2020-12-30 14:13:35.13358 UTC,2020-10-21,4,POST,F,1.3,-0.066894127,F,1,-0.019192566,F,1,-0.737472344,D,2
MD,24,Maryland,24001,Allegany County,70975,2020-12-30 14:13:35.13358 UTC,2020-10-22,5,POST,F,1.3,-0.064846708,F,1,-0.053885013,F,1,-0.725099048,D,2
MD,24,Maryland,24001,Allegany County,70975,2020-12-30 14:13:35.13358 UTC,2020-10-23,6,POST,F,1.3,-0.050106107,F,1,-0.007862759,F,1,-0.693841899,D,2
MD,24,Maryland,24001,Allegany County,70975,2020-12-30 14:13:35.13358 UTC,2020-10-24,7,POST,F,1.3,0.017882601,F,1,-0.020132324,F,1,-0.706701058,D,2
MD,24,Maryland,24001,Allegany County,70975,2020-12-30 14:13:35.13358 UTC,2020-10-25,1,POST,D-,1.7,-0.153104626,F,1,0.01291281,F,1,-0.750687802,C,3
MD,24,Maryland,24001,Allegany County,70975,2020-12-30 14:13:35.13358 UTC,2020-10-26,2,POST,D-,1.7,-0.16174369,F,1,-0.04168436,F,1,-0.794512591,C,3
MD,24,Maryland,24001,Allegany County,70975,2020-12-30 14:13:35.13358 UTC,2020-10-27,3,POST,D-,1.7,-0.177772668,F,1,-0.00360345,F,1,-0.751335618,C,3
MD,24,Maryland,24001,Allegany County,70975,2020-12-30 14:13:35.13358 UTC,2020-10-28,4,POST,F,1.3,-0.115974965,F,1,-0.015777635,F,1,-0.725066657,D,2
MD,24,Maryland,24001,Allegany County,70975,2020-12-30 14:13:35.13358 UTC,2020-10-29,5,POST,F,1.3,-0.156895076,F,1,-0.088946356,F,1,-0.728759211,D,2
MD,24,Maryland,24001,Allegany County,70975,2020-12-30 14:13:35.13358 UTC,2020-10-30,6,POST,F,1.3,-0.065220419,F,1,0.076717136,F,1,-0.547759268,D,2
MD,24,Maryland,24001,Allegany County,70975,2020-12-30 14:13:35.13358 UTC,2020-10-31,7,POST,F,1.3,-0.117409409,F,1,0.078298103,F,1,-0.597317234,D,2
MD,24,Maryland,24001,Allegany County,70975,2020-12-30 14:13:35.13358 UTC,2020-11-01,1,POST,D,2,-0.357060364,D,2,-0.113440097,F,1,-0.794804108,C,3
MD,24,Maryland,24001,Allegany County,70975,2020-12-30 14:13:35.13358 UTC,2020-11-02,2,POST,D,2,-0.254514831,D,2,-0.060651097,F,1,-0.786317712,C,3
MD,24,Maryland,24001,Allegany County,70975,2020-12-30 14:13:35.13358 UTC,2020-11-03,3,POST,F,1.3,-0.206000214,F,1,0.177901119,F,1,-0.715090282,D,2
MD,24,Maryland,24001,Allegany County,70975,2020-12-30 14:13:35.13358 UTC,2020-11-04,4,POST,D-,1.7,-0.117966447,F,1,-0.091956854,F,1,-0.798367099,C,3
MD,24,Maryland,24001,Allegany County,70975,2020-12-30 14:13:35.13358 UTC,2020-11-05,5,POST,D-,1.7,-0.178806717,F,1,-0.152032716,F,1,-0.789265277,C,3
MD,24,Maryland,24001,Allegany County,70975,2020-12-30 14:13:35.13358 UTC,2020-11-06,6,POST,D-,1.7,-0.187855439,F,1,-0.114952239,F,1,-0.76626779,C,3
MD,24,Maryland,24001,Allegany County,70975,2020-12-30 14:13:35.13358 UTC,2020-11-07,7,POST,D-,1.7,-0.190916524,F,1,0.060345383,F,1,-0.751691917,C,3
MD,24,Maryland,24001,Allegany County,70975,2020-12-30 14:13:35.13358 UTC,2020-11-08,1,POST,D,2,-0.230641214,F,1,-0.124083778,F,1,-0.830984663,B,4
MD,24,Maryland,24001,Allegany County,70975,2020-12-30 14:13:35.13358 UTC,2020-11-09,2,POST,D,2,-0.233286886,F,1,-0.082873319,F,1,-0.825899303,B,4
MD,24,Maryland,24001,Allegany County,70975,2020-12-30 14:13:35.13358 UTC,2020-11-10,3,POST,D-,1.7,-0.208084787,F,1,-0.052104859,F,1,-0.795289971,C,3
MD,24,Maryland,24001,Allegany County,70975,2020-12-30 14:13:35.13358 UTC,2020-11-11,4,POST,D-,1.7,-0.215391672,F,1,-0.044410514,F,1,-0.778122832,C,3
MD,24,Maryland,24001,Allegany County,70975,2020-12-30 14:13:35.13358 UTC,2020-11-12,5,POST,D-,1.7,-0.176037601,F,1,-0.180238153,F,1,-0.806756324,C,3
MD,24,Maryland,24001,Allegany County,70975,2020-12-30 14:13:35.13358 UTC,2020-11-13,6,POST,D-,1.7,-0.16902459,F,1,-0.12519332,F,1,-0.741132507,C,3
MD,24,Maryland,24001,Allegany County,70975,2020-12-30 14:13:35.13358 UTC,2020-11-14,7,POST,D-,1.7,-0.168954672,F,1,-0.039323162,F,1,-0.755514035,C,3
MD,24,Maryland,24001,Allegany County,70975,2020-12-30 14:13:35.13358 UTC,2020-11-15,1,POST,D+,2.3,-0.275500367,D,2,-0.158234977,F,1,-0.837981081,B,4
MD,24,Maryland,24001,Allegany County,70975,2020-12-30 14:13:35.13358 UTC,2020-11-16,2,POST,D+,2.3,-0.253375242,D,2,-0.097806086,F,1,-0.833057676,B,4
MD,24,Maryland,24001,Allegany County,70975,2020-12-30 14:13:35.13358 UTC,2020-11-17,3,POST,D+,2.3,-0.277671743,D,2,-0.166117326,F,1,-0.845884443,B,4
MD,24,Maryland,24001,Allegany County,70975,2020-12-30 14:13:35.13358 UTC,2020-11-18,4,POST,D,2,-0.207639541,F,1,-0.140750956,F,1,-0.842677751,B,4
MD,24,Maryland,24001,Allegany County,70975,2020-12-30 14:13:35.13358 UTC,2020-11-19,5,POST,D,2,-0.217959811,F,1,-0.222756796,F,1,-0.836005241,B,4
MD,24,Maryland,24001,Allegany County,70975,2020-12-30 14:13:35.13358 UTC,2020-11-20,6,POST,D-,1.7,-0.129344177,F,1,-0.153629216,F,1,-0.805784599,C,3
MD,24,Maryland,24001,Allegany County,70975,2020-12-30 14:13:35.13358 UTC,2020-11-21,7,POST,D-,1.7,-0.202633453,F,1,-0.161484195,F,1,-0.793799993,C,3
MD,24,Maryland,24001,Allegany County,70975,2020-12-30 14:13:35.13358 UTC,2020-11-22,1,POST,D+,2.3,-0.314172963,D,2,-0.088887801,F,1,-0.8304988,B,4
MD,24,Maryland,24001,Allegany County,70975,2020-12-30 14:13:35.13358 UTC,2020-11-23,2,POST,D,2,-0.245189554,F,1,-0.066666667,F,1,-0.84889679,B,4
MD,24,Maryland,24001,Allegany County,70975,2020-12-30 14:13:35.13358 UTC,2020-11-24,3,POST,D,2,-0.167505731,F,1,-0.050943557,F,1,-0.838564116,B,4
MD,24,Maryland,24001,Allegany County,70975,2020-12-30 14:13:35.13358 UTC,2020-11-25,4,POST,D-,1.7,-0.190311773,F,1,-0.115927039,F,1,-0.803938322,C,3
MD,24,Maryland,24001,Allegany County,70975,2020-12-30 14:13:35.13358 UTC,2020-11-26,5,POST,B+,4.3,-0.475880669,C,3,-0.720110657,A,5,-0.951996794,A,5
MD,24,Maryland,24001,Allegany County,70975,2020-12-30 14:13:35.13358 UTC,2020-11-27,6,POST,D-,1.7,-0.277792335,D,2,0.107596335,F,1,-0.662196061,D,2
MD,24,Maryland,24001,Allegany County,70975,2020-12-30 14:13:35.13358 UTC,2020-11-28,7,POST,D-,1.7,-0.229919709,F,1,-0.071926951,F,1,-0.767692986,C,3
MD,24,Maryland,24001,Allegany County,70975,2020-12-30 14:13:35.13358 UTC,2020-11-29,1,POST,D+,2.3,-0.278032852,D,2,-0.050230994,F,1,-0.833543538,B,4
MD,24,Maryland,24001,Allegany County,70975,2020-12-30 14:13:35.13358 UTC,2020-11-30,2,POST,D,2,-0.239065097,F,1,-0.090799717,F,1,-0.850710677,B,4
MD,24,Maryland,24001,Allegany County,70975,2020-12-30 14:13:35.13358 UTC,2020-12-01,3,POST,D+,2.3,-0.280532737,D,2,-0.132439587,F,1,-0.858581648,B,4
MD,24,Maryland,24001,Allegany County,70975,2020-12-30 14:13:35.13358 UTC,2020-12-02,4,POST,D,2,-0.175265696,F,1,-0.087688191,F,1,-0.842062326,B,4
MD,24,Maryland,24001,Allegany County,70975,2020-12-30 14:13:35.13358 UTC,2020-12-03,5,POST,D,2,-0.153674583,F,1,-0.170796247,F,1,-0.836555885,B,4
MD,24,Maryland,24001,Allegany County,70975,2020-12-30 14:13:35.13358 UTC,2020-12-04,6,POST,D-,1.7,-0.18536226,F,1,-0.124621483,F,1,-0.809120854,C,3
MD,24,Maryland,24001,Allegany County,70975,2020-12-30 14:13:35.13358 UTC,2020-12-05,7,POST,D-,1.7,-0.242282419,F,1,0.004114165,F,1,-0.788293552,C,3
MD,24,Maryland,24001,Allegany County,70975,2020-12-30 14:13:35.13358 UTC,2020-12-06,1,POST,D+,2.3,-0.35578676,D,2,-0.00948463,F,1,-0.844459247,B,4
MD,24,Maryland,24001,Allegany County,70975,2020-12-30 14:13:35.13358 UTC,2020-12-07,2,POST,D+,2.3,-0.297557659,D,2,-0.117268224,F,1,-0.872898393,B,4
MD,24,Maryland,24001,Allegany County,70975,2020-12-30 14:13:35.13358 UTC,2020-12-08,3,POST,D,2,-0.183807523,F,1,-0.094868073,F,1,-0.868039769,B,4
MD,24,Maryland,24001,Allegany County,70975,2020-12-30 14:13:35.13358 UTC,2020-12-09,4,POST,D,2,-0.148338333,F,1,-0.252655601,F,1,-0.888607945,B,4
MD,24,Maryland,24001,Allegany County,70975,2020-12-30 14:13:35.13358 UTC,2020-12-10,5,POST,D,2,-0.105713007,F,1,-0.189860476,F,1,-0.883522585,B,4
MD,24,Maryland,24001,Allegany County,70975,2020-12-30 14:13:35.13358 UTC,2020-12-11,6,POST,D,2,-0.192911297,F,1,-0.215179674,F,1,-0.908172004,B,4
MD,24,Maryland,24001,Allegany County,70975,2020-12-30 14:13:35.13358 UTC,2020-12-12,7,POST,D,2,-0.248560993,F,1,-0.393115545,F,1,-0.87983003,B,4
MD,24,Maryland,24001,Allegany County,70975,2020-12-30 14:13:35.13358 UTC,2020-12-13,1,POST,C-,2.7,-0.405887841,C,3,-0.282628924,F,1,-0.89625218,B,4
MD,24,Maryland,24001,Allegany County,70975,2020-12-30 14:13:35.13358 UTC,2020-12-14,2,POST,D+,2.3,-0.313044489,D,2,-0.151521585,F,1,-0.875360096,B,4
MD,24,Maryland,24001,Allegany County,70975,2020-12-30 14:13:35.13358 UTC,2020-12-15,3,POST,D,2,-0.228109315,F,1,-0.066928529,F,1,-0.852945644,B,4
MD,24,Maryland,24001,Allegany County,70975,2020-12-30 14:13:35.13358 UTC,2020-12-16,4,POST,B+,4.3,-0.538652272,C,3,-0.716495099,A,5,-0.959997328,A,5
MD,24,Maryland,24001,Allegany County,70975,2020-12-30 14:13:35.13358 UTC,2020-12-17,5,POST,C-,2.7,-0.346893012,D,2,-0.494647582,F,1,-0.94363996,A,5
MD,24,Maryland,24001,Allegany County,70975,2020-12-30 14:13:35.13358 UTC,2020-12-18,6,POST,D+,2.3,-0.390854004,D,2,-0.197452726,F,1,-0.862274202,B,4
MD,24,Maryland,24001,Allegany County,70975,2020-12-30 14:13:35.13358 UTC,2020-12-19,7,POST,F,1.3,-0.15561104,F,1,0.124314843,F,1,-0.648656695,D,2
MD,24,Maryland,24001,Allegany County,70975,2020-12-30 14:13:35.13358 UTC,2020-12-20,1,POST,D-,1.7,-0.314532378,D,2,-0.057087353,F,1,-0.629708061,D,2
MD,24,Maryland,24001,Allegany County,70975,2020-12-30 14:13:35.13358 UTC,2020-12-21,2,POST,F,1.3,-0.147020595,F,1,-0.155343241,F,1,-0.668933353,D,2
MD,24,Maryland,24001,Allegany County,70975,2020-12-30 14:13:35.13358 UTC,2020-12-22,3,POST,F,1.3,-0.155484944,F,1,0.600068312,F,1,-0.631133258,D,2
MD,24,Maryland,24001,Allegany County,70975,2020-12-30 14:13:35.13358 UTC,2020-12-23,4,POST,F,1.3,-0.145913487,F,1,0.881101315,F,1,-0.434812453,D,2
MD,24,Maryland,24001,Allegany County,70975,2020-12-30 14:13:35.13358 UTC,2020-12-24,5,POST,D-,1.7,-0.263040218,D,2,0.419413038,F,1,-0.606807746,D,2
MD,24,Maryland,24001,Allegany County,70975,2020-12-30 14:13:35.13358 UTC,2020-12-25,6,POST,B,4,-0.533522862,C,3,-0.945935408,A,5,-0.932950987,B,4
MD,24,Maryland,24001,Allegany County,70975,2020-12-30 14:13:35.13358 UTC,2020-12-26,7,POST,F,1.3,-0.235557229,F,1,0.223003211,F,1,-0.583356787,D,2
MD,24,Maryland,24003,Anne Arundel County,576031,2020-12-30 14:13:35.13358 UTC,2020-02-24,2,PRE,F,1,0.024598176,F,1,-0.086574771,F,1,8.592351203,F,1
MD,24,Maryland,24003,Anne Arundel County,576031,2020-12-30 14:13:35.13358 UTC,2020-02-25,3,PRE,F,1,0.024163175,F,1,-0.03228902,F,1,9.296137124,F,1
MD,24,Maryland,24003,Anne Arundel County,576031,2020-12-30 14:13:35.13358 UTC,2020-02-26,4,PRE,F,1,0.009176511,F,1,-0.022206927,F,1,9.417132783,F,1
MD,24,Maryland,24003,Anne Arundel County,576031,2020-12-30 14:13:35.13358 UTC,2020-02-27,5,PRE,F,1,0.012217326,F,1,-0.034541667,F,1,10.0511896,F,1
MD,24,Maryland,24003,Anne Arundel County,576031,2020-12-30 14:13:35.13358 UTC,2020-02-28,6,PRE,F,1,0.038430709,F,1,0.009033507,F,1,12.66825646,F,1
MD,24,Maryland,24003,Anne Arundel County,576031,2020-12-30 14:13:35.13358 UTC,2020-02-29,7,PRE,F,1,-0.004267578,F,1,0.047050523,F,1,14.70075275,F,1
MD,24,Maryland,24003,Anne Arundel County,576031,2020-12-30 14:13:35.13358 UTC,2020-03-01,1,PRE,F,1,-0.027959547,F,1,-0.007058492,F,1,8.682356148,F,1
MD,24,Maryland,24003,Anne Arundel County,576031,2020-12-30 14:13:35.13358 UTC,2020-03-02,2,PRE,F,1,-0.064687365,F,1,-0.097457431,F,1,8.464959589,F,1
MD,24,Maryland,24003,Anne Arundel County,576031,2020-12-30 14:13:35.13358 UTC,2020-03-03,3,PRE,F,1,-0.056416963,F,1,-0.036948347,F,1,8.619682375,F,1
MD,24,Maryland,24003,Anne Arundel County,576031,2020-12-30 14:13:35.13358 UTC,2020-03-04,4,PRE,F,1,0.000791174,F,1,-0.046262904,F,1,9.001395655,F,1
MD,24,Maryland,24003,Anne Arundel County,576031,2020-12-30 14:13:35.13358 UTC,2020-03-05,5,PRE,F,1,-0.01329162,F,1,-0.124680961,F,1,9.159217513,F,1
MD,24,Maryland,24003,Anne Arundel County,576031,2020-12-30 14:13:35.13358 UTC,2020-03-06,6,PRE,F,1,-0.007905276,F,1,-0.10795795,F,1,10.69078518,F,1
MD,24,Maryland,24003,Anne Arundel County,576031,2020-12-30 14:13:35.13358 UTC,2020-03-07,7,PRE,F,1,0.035975039,F,1,0.018315168,F,1,13.3767899,F,1
MD,24,Maryland,24003,Anne Arundel County,576031,2020-12-30 14:13:35.13358 UTC,2020-03-08,1,PRE,F,1,0.003962258,F,1,-0.030675487,F,1,8.782746279,F,1
MD,24,Maryland,24003,Anne Arundel County,576031,2020-12-30 14:13:35.13358 UTC,2020-03-09,2,POST,F,1,-0.016637201,F,1,-0.09366964,F,1,8.161975909,F,1
MD,24,Maryland,24003,Anne Arundel County,576031,2020-12-30 14:13:35.13358 UTC,2020-03-10,3,POST,F,1,-0.036568874,F,1,-3.40E-05,F,1,7.216891017,F,1
MD,24,Maryland,24003,Anne Arundel County,576031,2020-12-30 14:13:35.13358 UTC,2020-03-11,4,POST,F,1,-0.007497361,F,1,-0.21784791,F,1,9.269234547,F,1
MD,24,Maryland,24003,Anne Arundel County,576031,2020-12-30 14:13:35.13358 UTC,2020-03-12,5,POST,F,1,-0.158070269,F,1,-0.081855107,F,1,7.025638751,F,1
MD,24,Maryland,24003,Anne Arundel County,576031,2020-12-30 14:13:35.13358 UTC,2020-03-13,6,POST,F,1,-0.181278759,F,1,-0.180037458,F,1,6.305071688,F,1
MD,24,Maryland,24003,Anne Arundel County,576031,2020-12-30 14:13:35.13358 UTC,2020-03-14,7,POST,F,1.3,-0.2586415,D,2,-0.339703288,F,1,5.259695571,F,1
MD,24,Maryland,24003,Anne Arundel County,576031,2020-12-30 14:13:35.13358 UTC,2020-03-15,1,POST,F,1,-0.211357859,F,1,-0.305174141,F,1,3.868278464,F,1
MD,24,Maryland,24003,Anne Arundel County,576031,2020-12-30 14:13:35.13358 UTC,2020-03-16,2,POST,F,1,-0.170063059,F,1,-0.254332214,F,1,5.004714529,F,1
MD,24,Maryland,24003,Anne Arundel County,576031,2020-12-30 14:13:35.13358 UTC,2020-03-17,3,POST,F,1,-0.188293364,F,1,-0.391954836,F,1,3.358514193,F,1
